4576 5810
947 466 1376 526 *9*—

280 639 355 702 5555
384 634 562 704 5555555555
590 637 724 720 poterit,
756 641 867 705 555555
889 635 1084 721 Nipperdey
1108 642 1143 705 et
1164 636 1303 716 Holder,
1339 636 1395 719 qui
1416 633 1681 717 Bongarsianum
1711 632 1740 708 Ι,
1774 648 1820 697 55
1842 627 1971 712 Frigell
2002 631 2037 694 55

278 743 431 822 Donum,
455 741 511 826 qui
532 743 718 811 Parisinum
742 745 761 811 Ι
785 749 821 810 55
842 731 1025 810 Romarm
1047 744 1082 810 in
1097 743 1253 827 primario
1275 744 1347 810 loco
1363 743 1553 825 posuerunt,
1569 739 1690 806 iustam
1705 735 1842 804 inierint
1863 733 2035 802 rationem.

279 849 389 917 Recte
412 849 498 916 eninr
520 849 715 933 Nipperdey
737 849 842 932 55555.
867 868 898 932 5.
915 854 958 916 43
982 849 1181 933 scripturam
1204 849 1326 916 codicis
1345 846 1528 930 archetypi,
1553 863 1637 927 quae
1659 843 1808 926 inprimis
1835 841 1881 908 sit
1901 841 2036 910 investi·

282 955 405 1039 ganda,
428 961 488 1022 aut
507 955 542 1022 in
565 955 707 1023 omnium
730 955 877 1023 codicum
901 973 1060 1022 consensu
1084 961 1144 1022 aut
1165 956 1199 1023 in
1215 955 1365 1022 dissensu
1388 953 1559 1034 utriusque
1581 951 1728 1018 familiae
1750 965 1791 1014 ex
1813 947 1954 1031 integris
1977 952 2037 1014 aut

284 1061 423 1144 deniquo
447 1061 483 1128 in
515 1079 677 1129 consensu
711 1061 850 1128 alterius
876 1061 1080 1144 integrorum
1114 1063 1220 1144 partis
1255 1067 1291 1129 at
1322 1061 1597 1143 interpolatorum
1631 1055 1723 1124 cerni
1757 1055 1893 1122 censuit.
1939 1052 2038 1152 Licet

285 1169 409 1251 priores
453 1167 539 1234 duae
577 1167 774 1250 Nipperdeii
803 1167 950 1235 rationes
984 1169 1116 1235 maioris
1147 1168 1214 1235 sint
1243 1167 1398 1235 momenti
1427 1185 1525 1248 quarn
1555 1164 1667 1243 555555,
1698 1169 1809 1230 tamen
1839 1161 1930 1239 hooc,
1963 1178 2036 1226 cum

284 1273 437 1341 librarius
463 1273 590 1358 integri
611 1273 809 1356 exemplaris
831 1291 1062 1356 nonnunquam
1090 1279 1149 1342 aut
1174 1273 1388 1357 neglegentia
1413 1273 1448 1338 in
1471 1289 1602 1339 errores
1623 1269 1779 1337 inciderit
1804 1272 1865 1335 aut
1887 1265 2036 1334 consulto

270 1380 500 1469 ‚aberraverit
528 1397 594 1446 non
619 1379 826 1463 neglegenda
856 1397 929 1446 esse
959 1379 1037 1447 mihi
1067 1379 1215 1462 videtum
1239 1385 1275 1447 et
1304 1379 1469 1448 codicibus
1496 1377 1634 1445 alterius
1663 1377 1868 1459 integrorum
1890 1375 2036 1443 familiae

281 1487 324 1556 ab
347 1487 458 1554 515555
480 1485 569 1553 haud
584 1504 660 1552 5555
677 1485 934 1553 dissententibus
957 1487 1046 1554 haud
1061 1486 1128 1553 scio
1152 1505 1196 1554 an
1219 1504 1292 1553 eam
1315 1485 1359 1552 ad
1381 1484 1602 1553 emendandos
1617 1481 1772 1549 Caesaris
1787 1483 2038 1550 commentarios

242 1631 245 1638 ⁴
264 1593 359 1686 plus
373 1593 487 1660 ualere
502 1597 664 1675 putemus,
688 1611 772 1674 quae
795 1592 926 1675 saepius
949 1611 1022 1659 cum
1036 1592 1247 1675 interpolatis
1263 1591 1439 1674 conspiret.
1486 1588 1543 1658 Ad
1566 1590 1653 1657 hanc
1668 1591 1892 1671 quaestionem
1908 1591 2036 1659 solven-

285 1699 361 1766 dam
392 1697 550 1766 lectiones
583 1697 867 1780 interpolatorum,
910 1702 945 1764 et
978 1716 1061 1780 quae
1103 1717 1177 1766 cum
1219 1698 1289 1767 cod.
1327 1697 1389 1770 ΑΒ
1431 1702 1466 1764 55
1510 1715 1594 1780 5555
1639 1715 1713 1763 555
1758 1698 1829 1764 cod.
1869 1699 1924 1767 ΒΒ
1961 1719 2036 1768 con·

286 1805 431 1884 veniunt,
466 1805 501 1870 55
532 1803 706 1870 discrimen
737 1805 873 1872 vocabo.
919 1805 1033 1887 Atque
1064 1805 1127 1871 hae
1157 1805 1283 1892 suntd)
1322 1806 1351 1871 I.
1378 1811 1406 1872 1.
1433 1811 1462 1871 7.
1497 1821 1594 1885 5555
1628 1809 1690 1869 555
1722 1803 1771 1870 ad
1804 1805 2037 1888 Hispaniam

283 1908 474 1999 partinet]
496 1929 561 1992 qua
583 1917 637 1978 est
658 1910 702 1977 ad
725 1910 922 1993 Hispaniam
945 1911 1100 1993 pertinet.
1135 1945 1179 1960 -
1212 1913 1241 1978 I.
1266 1917 1318 1979 20.
1344 1917 1374 1978 6.
1402 1905 1599 1998 15555555]
1626 1909 1779 1992 loquitur.
1804 1947 1848 1960 -
1875 1915 1904 1980 l.
1929 1920 1982 1982 25.
2006 1921 2036 1983 6.

282 2019 331 2085 Et
355 2014 403 2106 id]
436 2023 476 2084 et
505 2017 553 2084 id.
589 2055 630 2065 -
665 2019 694 2083 Ι.
726 2021 779 2084 32.
809 2022 838 2084 5.
866 2014 1010 2105 tantum]
1040 2022 1179 2084 tamen.
1215 2053 1255 2066 -
1292 2018 1321 2084 I.
1354 2021 1406 2084 34.
1440 2021 1470 2083 3.
1503 2013 1731 2104 emolumento]
1763 2019 1981 2089 emolumento
2013 2025 2037 2093 Β

283 2124 500 2192 5551555555
536 2123 569 2191 Β.
606 2159 646 2171 -
689 2125 719 2190 Ι.
751 2127 802 2190 39.
830 2130 862 2191 4.
886 2141 1039 2204 magnum
1073 2123 1255 2206 pericnlum
1289 2121 1532 2189 miserabantur
1566 2121 1842 2208 (misereabantur
1876 2128 1917 2215 Α)
1952 2132 2038 2212 quod

268 2229 349 2297 'non
371 2226 537 2318 magnum]
570 2246 655 2311 „uon
677 2247 831 2312 magnum
854 2229 1035 2311 periculum
1058 2229 1320 2296 miserabantur“
1346 2234 1382 2295 et
1404 2247 1468 2296 seo.
1493 2248 1535 2296 m.
1559 2229 1819 2312 superscriptum
1843 2236 1949 2316 „quod
1972 2256 2036 2305 non

284 2339 461 2418 magnum“
487 2336 511 2404 Β
533 2353 609 2401 555
630 2353 807 2417 magnum
836 2335 869 2403 ll.
897 2371 941 2383 -
975 2336 1004 2402 Ι.
1027 2341 1081 2403 43.
1108 2342 1136 2403 7.
1161 2333 1355 2426 55555555]
1378 2334 1517 2416 5555555.
1554 2371 1596 2398 -.
1630 2336 1659 2404 Ι.
1683 2341 1736 2405 43.
1761 2343 1791 2406 3.
1820 2341 2036 2434 555555555]

290 2447 443 2510 55555555
466 2443 490 2510 Β
512 2447 629 2508 auctos
652 2441 687 2511 Β.
714 2479 753 2491 -
778 2442 798 2508 Ι
820 2445 875 2508 44.
900 2445 930 2508 5.
953 2439 1030 2530 1555]
1055 2459 1109 2509 55.
1137 2477 1181 2490 -
1210 2443 1237 2508 I.
1261 2447 1315 2510 45.
1342 2447 1372 2509 2.
1397 2437 1580 2530 Maximo]
1610 2441 1778 2512 Maxumo.
1808 2481 1851 2495 -
1878 2449 1927 2516 H.
1954 2455 1982 2517 1.
2006 2458 2037 2519 4.

286 2544 463 2636 imperio]
485 2548 520 2614 55
540 2548 688 2630 imperio.
713 2583 755 2595 -
779 2547 828 2615 II.
854 2552 905 2614 14.
931 2553 960 2613 5.
984 2544 1057 2636 his]
1082 2545 1134 2615 iis.
1170 2585 1211 2597 -
1247 2548 1295 2615 H.
1322 2553 1373 2614 19.
1398 2553 1427 2615 6.
1453 2548 1500 2614 ab
1524 2543 1600 2636 his]
1623 2549 1739 2616 abiis.
1779 2553 2035 2624 -*11.na.1.

287 2651 411 2744 urgeri]
434 2653 606 2736 urgueri.
623 2691 665 2701 --
681 2653 731 2720 ΙΙ.
748 2659 799 2722 32.
826 2659 854 2721 1.
879 2651 1138 2741 dedidissent]
1155 2653 1332 2720 dedissent.
1349 2655 1476 2721 -ΙΠ,
1502 2659 1530 2722 1.
1559 2660 1586 2722 1.
1610 2653 1784 2744 Antnatis]
1808 2658 2037 2730 Nantuatis.

285 2799 328 2810 --
361 2761 440 2828 ibid.
472 2779 492 2826 a
522 2757 687 2850 5555555]
718 2759 760 2825 ab
788 2757 916 2825 linibus.
947 2795 991 2808 -
1021 2761 1090 2826 ΙΙΙ.
1119 2765 1149 2826 2.
1179 2767 1210 2828 3.
1245 2757 1492 2849 singillatim]
1525 2759 1717 2842 singilatim.
1755 2799 1799 2813 -
1836 2766 1905 2835 IH.
1940 2775 1971 2837 2.
2005 2775 2037 2838 4.

285 2863 493 2956 sustineri]
516 2865 690 2933 sustinone.
711 2899 755 2915 -
777 2865 846 2933 III.
871 2871 902 2933 3.
919 2869 949 2932 2.
973 2863 1136 2954 tantum]
1159 2865 1195 2932 55
1217 2869 1356 2933 tantum.
1381 2903 1422 2914 ——
1447 2867 1514 2934 III.
1540 2865 2035 2960 3.10.0sismoc]0ssismos.

285 3010 329 3022 -
364 2973 435 3040 111.
471 2977 523 3040 12.
561 2977 590 3038 5.
618 2968 781 3059 magnis]
815 2988 943 3054 magno.
980 3009 1020 3019 -
1055 2972 1124 3038 111.
1162 2977 1213 3040 13.
1239 2979 1268 3041 7.
1304 2969 1436 3060 classi]
1464 2971 1590 3041 classis.
1625 3009 1669 3021 -—
1703 2975 1772 3042 ΠΙ.
1809 2983 1859 3046 17.
1884 2985 1915 3048 3.
1951 3001 2039 3049 con·

285 3075 513 3167 iunxerunt]
529 3077 777 3146 concinnerunt.
794 3113 835 3125 -
853 3077 922 3144 ΙΙΙ.
940 3083 993 3145 23.
1011 3083 1041 3145 5.
1058 3076 1195 3163 nimii
1212 3073 1268 3168 1)]
1284 3077 1308 3144 ii
1323 3078 1347 3146 Β
1361 3079 1396 3144 55
1413 3079 1446 3148 Β.
1463 3079 1590 3148 —111
1609 3086 1661 3147 25.
1681 3087 1709 3147 1.
1726 3078 1919 3176 cespitibus]
1936 3107 2038 3156 oaes-

287 3184 446 3268 pitibns.
469 3221 514 3232 —-
537 3183 605 3252 111.
635 3189 687 3252 26.
712 3179 913 3272 515555.
948 3219 994 3231 -
1026 3183 1094 3251 IH.
1120 3187 1172 3252 28.
1200 3191 1228 3251 1.
1253 3182 1469 3274 1555555555]
1505 3184 1728 3268 Menapiique.
1765 3225 1804 3238 —
1841 3191 1904 3261 IV.
1931 3201 1959 3262 1.
1986 3201 2037 3264 10,

290 3287 548 3378 adduxerunt]
577 3289 795 3357 abduxerunt.
831 3327 872 3340 -
907 3288 985 3358 ibid.
1013 3287 1557 3379 frigidissimis]iridigissimis.
1593 3330 1637 3341 -
1669 3293 1733 3363 IV.
1764 3302 1795 3363 Β.
1828 3304 1857 3366 3.
1892 3301 2038 3392 velint]

290 3396 419 3464 vellint.
435 3431 479 3442 —
493 3395 556 3464 IV.
575 3401 626 3464 15.
644 3401 675 3463 2.
698 3395 737 3463 ri
759 3391 953 3483 fluminis]
975 3394 1010 3461 in
1028 3393 1181 3464 fluminis.
1198 3433 1241 3445 -
1257 3395 1320 3465 IV.
1339 3403 1389 3465 16.
1407 3402 1437 3466 2.
1456 3397 1728 3490 Tenctherorum]
1745 3402 2037 3476 Tencterorum.

288 3539 330 3552 -
355 3501 420 3570 IV.
447 3507 498 3568 17.
521 3508 553 3570 4.
576 3498 750 3589 fastigata]
773 3499 966 3584 fastigatae.
989 3537 1035 3550 —
1056 3499 1120 3570 IV.
1146 3507 1197 3569 13.
1221 3507 1252 3570 4.
1276 3501 1473 3592 perfectum]
1496 3504 1725 3588 profectum.
1760 3545 1805 3558 -
1838 3511 1903 3580 IV.
1929 3519 1980 3582 21.
2006 3523 2036 3583 7.

285 3608 326 3675 55
348 3604 421 3697 555]
444 3607 480 3675 in
503 3605 541 3674 is.
558 3643 597 3656 —-
615 3607 678 3677 IV.
704 3613 756 3675 21.
780 3613 812 3676 8.
834 3608 1094 3690 horteturque
1110 3613 1151 3674 ut
1175 3607 1408 3692 (hortaturque
1424 3608 1472 3699 5)]
1491 3611 1707 3695 horteturque
1724 3614 1748 3683 Β
1763 3614 1980 3701 hortaturque
2003 3622 2036 3690 Β.

289 3751 330 3762 -·
346 3713 409 3782 IV.
426 3719 480 3781 21.
504 3719 533 3782 3.
558 3709 607 3802 55]
630 3720 674 3782 55.
691 3750 735 3763 -
750 3714 813 3783 IV.
831 3719 881 3782 22.
909 3720 938 3781 1.
954 3711 1026 3802 his]
1041 3713 1092 3782 iis.
1108 3749 1154 3762 -
1167 3713 1231 3783 IV.
1248 3721 1300 3782 23.
1319 3721 1348 3783 5.
1365 3717 1539 3784 maritume
1554 3717 1731 3804 (maritimo
1748 3720 1783 3808 5)
1799 3719 1867 3812 555]
1883 3726 2036 3794 maritum

290 3835 394 3886 aeras.
418 3857 459 3868 -
483 3819 547 3889 IV.
572 3824 624 3889 24.
650 3827 680 3888 2.
708 3817 837 3909 onere]
861 3838 970 3888 onore.
1006 3857 1047 3869 -
1082 3819 1145 3889 IV.
1170 3825 1223 3888 24.
1248 3827 1278 3890 3.
1314 3821 1522 3912 expeditis]
1550 3825 1705 3907 expediti.
1739 3863 1786 3876 -
1818 3828 1881 3898 IV.
1917 3835 1969 3900 29.
2004 3840 2036 3903 4.

290 3924 326 3990 N
332 3922 439 4013 5555]
462 3944 580 4008 nequa.
604 3961 648 3976 -
671 3925 733 3995 IV.
751 3931 802 3993 34.
822 3933 852 3994 5.
877 3924 1261 4015 demonstraverunt]
1286 3927 1604 3999 demonstraverant.
1629 3969 1673 3980 —
1696 3933 1757 4003 IV.
1783 3941 1835 4002 36.
1853 3943 1883 4002 2.
1907 3937 2036 4028 hiemi]

287 4029 414 4099 15555555.
430 4069 474 4080 -
489 4031 532 4100 V.
553 4037 584 4099 4.
604 4039 631 4100 1.
656 4027 842 4120 5555555]
858 4051 1080 4114 5555555555.
1097 4070 1142 4080 -
1157 4033 1199 4102 V.
1226 4040 1255 4099 7.
1281 4039 1310 4101 3.
1335 4034 1417 4102 dies
1440 4036 1605 4104 circiter
1619 4036 1751 4128 XXV]
1768 4040 1902 4109 circiter
1915 4045 2037 4116 XXV.

288 4173 328 4184 -
360 4136 404 4206 V.
431 4143 481 4206 13.
507 4143 537 4204 2.
562 4136 784 4228 existimatur]
819 4137 1073 4207 existimatorB
1107 4139 1339 4207 existimantur
1363 4142 1397 4209 Β.
1431 4177 1476 4190 -
1510 4142 1552 4211 V.
1591 4149 1641 4212 14.
1679 4153 1708 4213 5.
1743 4143 1819 4236 qui]
1854 4149 1969 4233 siqui.
1994 4191 2038 4204 -

288 4241 332 4309 V.
369 4247 419 4311 15.
457 4250 486 4310 1.
521 4249 564 4310 ut
596 4241 735 4333 nostri]
769 4251 808 4312 ut
840 4243 993 4314 5555ΒΒ
1023 4250 1133 4312 utrum
1157 4244 1190 4314 Β.
1225 4282 1269 4294 --
1302 4246 1380 4315 ibid.
1405 4247 1481 4338 eos]
1506 4266 1626 4316 omnes.
1662 4288 1706 4300 -
1739 4251 1782 4322 V.
1809 4260 1859 4324 16.
1885 4263 1914 4323 2.
1939 4258 2038 4327 desi-

292 4346 426 4436 lirent]
450 4347 638 4418 desilarsnt.
673 4387 718 4399 —
752 4349 794 4418 V.
827 4355 876 4418 18.
903 4357 932 4418 3.
956 4350 1251 4442 555555555555]
1272 4353 1437 4435 praefixis.
1473 4392 1513 4404 -
1551 4355 1593 4424 V.
1619 4364 1671 4426 24.
1697 4367 1726 4427 1.
1751 4365 1868 4443 atque
1890 4364 2037 4456 harum]

290 4457 392 4535 atque
415 4473 517 4522 arum.
546 4493 576 4504 —
618 4457 660 4526 V.
685 4462 737 4524 23.
763 4463 792 4524 5.
817 4453 896 4545 555]
931 4461 978 4525 ut.
1009 4493 1057 4552 .··
1091 4457 1135 4525 V.
1164 4463 1216 4526 23.
1241 4465 1271 4526 3.
1296 4457 1491 4550 spectaro]
1519 4471 1724 4545 exspectare.
1759 4503 1803 4516 —-
1836 4468 1879 4538 V.
1917 4477 1968 4540 29.
2005 4479 2038 4543 5.

288 4559 551 4649 descendisse]
580 4563 781 4630 discendisse
806 4563 830 4631 Β
853 4563 1031 4630 discedisse
1056 4564 1090 4633 Β.
1114 4601 1158 4612 -
1180 4564 1222 4632 V.
1250 4573 1300 4635 33.
1327 4573 1355 4635 5.
1392 4567 1439 4634 ad
1473 4568 1651 4659 pugnam]
1683 4573 1726 4639 ad
1749 4576 1970 4656 pugnandum.
1994 4617 2038 4630 —

289 4664 331 4732 V.
361 4670 412 4734 33.
447 4673 476 4734 1.
503 4666 766 4758 Pleumoxios]
800 4668 1053 4738 Plenmoximos.
1089 4707 1131 4719 -
1165 4671 1243 4738 ibid.
1275 4670 1389 4763 fama]
1413 4673 1527 4743 555555.
1563 4711 1607 4726 -·
1628 4677 1672 4744 V.
1707 4683 1761 4747 44.
1795 4688 1824 4750 7.
1859 4689 2038 4754 verutum

295 4769 478 4862 (veritum)]
501 4781 684 4842 verrntum.
718 4811 764 4823 -
796 4774 839 4843 V.
868 4779 922 4843 44.
951 4774 1153 4865 deonanti]
1181 4779 1331 4846 conantis
1367 4780 1390 4848 ll
1425 4782 1534 4849 conati
1559 4782 1592 4851 Β.
1628 4821 1669 4832 -
1705 4785 1748 4854 V.
1785 4793 1837 4856 54.
1873 4795 1903 4858 3.
1938 4792 2038 4860 55555

290 4873 475 4968 faciendi]
499 4879 738 4949 sethiaciundi.
764 4919 804 4931 -
823 4883 864 4949 V.
891 4887 942 4950 55.
966 4887 996 4950 2.
1022 4881 1233 4972 Ariovisti]
1256 4884 1438 4955 Ariouisto.
1464 4926 1505 4938 -
1521 4887 1584 4958 VI.
1608 4896 1639 4958 4.
1664 4898 1694 4958 2.
1719 4893 1865 4964 mittunt.
1889 4895 2038 4988 Adeunt]

449 5109 473 5161 ⁶)
487 5107 550 5162 Quas
565 5111 617 5154 5555
631 5121 701 5154 uncos
715 5110 828 5165 leguntur,
840 5109 950 5156 lectiones
964 5109 1152 5166 lntarpolctorum
1166 5115 1190 5156 et
1199 5113 1249 5158 cod
1263 5097 1313 5156 ΑΙ
1328 5117 1389 5170 suut,
1403 5116 1486 5172 qulbus
1499 5117 1609 5163 lectiones
1623 5121 1673 5166 cod
1689 5105 1736 5163 BR
1749 5125 1803 5179 post
1816 5133 1887 5168 uncos
1900 5123 1986 5171 uddldl

1864 5213 1881 5271 3
