<?xml version="1.0" encoding="UTF-8"?>
<!DOCTYPE html PUBLIC "-//W3C//DTD XHTML 1.0 Transitional//EN"
    "http://www.w3.org/TR/xhtml1/DTD/xhtml1-transitional.dtd">
<html xmlns="http://www.w3.org/1999/xhtml" xml:lang="en" lang="en">
 <head>
  <title>
</title>
<meta http-equiv="Content-Type" content="text/html;charset=utf-8" />
  <meta name='ocr-system' content='tesseract 3.04.00' />
  <meta name='ocr-capabilities' content='ocr_page ocr_carea ocr_par ocr_line ocrx_word'/>
</head>
<body>
  <div class='ocr_page' id='page_1' title='image "./decaesariscodic00waltgoog_0009.png"; bbox 0 0 4576 5810; ppageno 0'>
   <div class='ocr_carea' id='block_1_1' title="bbox 960 507 1389 569">
    <p class='ocr_par' dir='ltr' id='par_1_1' title="bbox 960 507 1389 569">
     <span class='ocr_line' id='line_1_1' title="bbox 960 507 1389 569; baseline -0.007 -19"><span class='ocrx_word' id='word_1_1' title='bbox 960 507 1389 569; x_wconf 53' lang='lat' dir='ltr'><strong>—pss</strong></span> 
     </span>
    </p>
   </div>
   <div class='ocr_carea' id='block_1_2' title="bbox 237 676 2048 1716">
    <p class='ocr_par' dir='ltr' id='par_1_2' title="bbox 303 676 2048 972">
     <span class='ocr_line' id='line_1_2' title="bbox 304 676 2048 762; baseline 0.001 -16"><span class='ocrx_word' id='word_1_2' title='bbox 304 680 433 762; x_wconf 89' lang='lat' dir='ltr'><strong>polatos</strong></span> <span class='ocrx_word' id='word_1_3' title='bbox 458 677 588 746; x_wconf 88' lang='lat' dir='ltr'><strong>minime</strong></span> <span class='ocrx_word' id='word_1_4' title='bbox 617 677 837 760; x_wconf 84' lang='lat' dir='ltr'><strong>neglexerunt</strong></span> <span class='ocrx_word' id='word_1_5' title='bbox 859 695 1035 759; x_wconf 87' lang='lat' dir='ltr'><strong>eorumque</strong></span> <span class='ocrx_word' id='word_1_6' title='bbox 1067 676 1250 759; x_wconf 88' lang='lat' dir='ltr'><strong>scripturas</strong></span> <span class='ocrx_word' id='word_1_7' title='bbox 1273 676 1361 744; x_wconf 89' lang='lat' dir='ltr'><strong>haud</strong></span> <span class='ocrx_word' id='word_1_8' title='bbox 1382 677 1432 746; x_wconf 88' lang='lat' dir='ltr'><strong>ita</strong></span> <span class='ocrx_word' id='word_1_9' title='bbox 1455 696 1532 745; x_wconf 86' lang='lat' dir='ltr'><strong>raro</strong></span> <span class='ocrx_word' id='word_1_10' title='bbox 1563 682 1642 746; x_wconf 90' lang='lat' dir='ltr'><strong>sunt</strong></span> <span class='ocrx_word' id='word_1_11' title='bbox 1670 677 1821 761; x_wconf 78' lang='lat' dir='ltr'><strong>amplexi.</strong></span> <span class='ocrx_word' id='word_1_12' title='bbox 1869 679 1957 747; x_wconf 81' lang='lat' dir='ltr'><strong>Sane</strong></span> <span class='ocrx_word' id='word_1_13' title='bbox 1980 681 2048 762; x_wconf 85' lang='lat' dir='ltr'><strong>qui·</strong></span> 
     </span>
     <span class='ocr_line' id='line_1_3' title="bbox 304 781 2046 868; baseline 0 -16"><span class='ocrx_word' id='word_1_14' title='bbox 304 787 377 854; x_wconf 91' lang='lat' dir='ltr'><strong>dem</strong></span> <span class='ocrx_word' id='word_1_15' title='bbox 400 803 499 868; x_wconf 89' lang='lat' dir='ltr'><strong>saepe</strong></span> <span class='ocrx_word' id='word_1_16' title='bbox 515 783 742 852; x_wconf 85' lang='lat' dir='ltr'><strong>difficillimum</strong></span> <span class='ocrx_word' id='word_1_17' title='bbox 765 788 817 850; x_wconf 90' lang='lat' dir='ltr'><strong>est</strong></span> <span class='ocrx_word' id='word_1_18' title='bbox 832 783 1022 862; x_wconf 88' lang='lat' dir='ltr'><strong>diiudicare,</strong></span> <span class='ocrx_word' id='word_1_19' title='bbox 1038 786 1149 850; x_wconf 88' lang='lat' dir='ltr'><strong>utrum</strong></span> <span class='ocrx_word' id='word_1_20' title='bbox 1164 800 1269 865; x_wconf 88' lang='lat' dir='ltr'><strong>genus</strong></span> <span class='ocrx_word' id='word_1_21' title='bbox 1291 781 1438 850; x_wconf 90' lang='lat' dir='ltr'><strong>codicum</strong></span> <span class='ocrx_word' id='word_1_22' title='bbox 1462 783 1606 867; x_wconf 88' lang='lat' dir='ltr'><strong>genuina</strong></span> <span class='ocrx_word' id='word_1_23' title='bbox 1621 784 1792 866; x_wconf 88' lang='lat' dir='ltr'><strong>scriptoris</strong></span> <span class='ocrx_word' id='word_1_24' title='bbox 1815 786 1918 853; x_wconf 84' lang='lat' dir='ltr'><strong>verba</strong></span> <span class='ocrx_word' id='word_1_25' title='bbox 1934 803 2046 852; x_wconf 86' lang='lat' dir='ltr'><strong>serva-</strong></span> 
     </span>
     <span class='ocr_line' id='line_1_4' title="bbox 303 889 2044 972; baseline -0.001 -11"><span class='ocrx_word' id='word_1_26' title='bbox 303 891 428 972; x_wconf 88' lang='lat' dir='ltr'><strong>verint;</strong></span> <span class='ocrx_word' id='word_1_27' title='bbox 451 910 512 957; x_wconf 93' lang='lat' dir='ltr'><strong>nec</strong></span> <span class='ocrx_word' id='word_1_28' title='bbox 534 890 651 956; x_wconf 84' lang='grc' dir='ltr'>ιιιιιιιιι</span> <span class='ocrx_word' id='word_1_29' title='bbox 675 890 760 972; x_wconf 88' lang='lat' dir='ltr'><strong>quod</strong></span> <span class='ocrx_word' id='word_1_30' title='bbox 782 889 894 957; x_wconf 90' lang='lat' dir='ltr'><strong>multis</strong></span> <span class='ocrx_word' id='word_1_31' title='bbox 916 889 997 957; x_wconf 90' lang='lat' dir='ltr'><strong>locis</strong></span> <span class='ocrx_word' id='word_1_32' title='bbox 1020 907 1100 956; x_wconf 78' lang='lat' dir='ltr'><strong>uuae</strong></span> <span class='ocrx_word' id='word_1_33' title='bbox 1127 889 1294 956; x_wconf 86' lang='lat' dir='ltr'><strong>voluntati</strong></span> <span class='ocrx_word' id='word_1_34' title='bbox 1320 895 1421 972; x_wconf 78' lang='lat' dir='ltr'><strong>atque</strong></span> <span class='ocrx_word' id='word_1_35' title='bbox 1451 890 1590 957; x_wconf 86' lang='lat' dir='ltr'><strong>arbitrio</strong></span> <span class='ocrx_word' id='word_1_36' title='bbox 1622 890 1868 958; x_wconf 81' lang='lat' dir='ltr'><strong>luserviverunt</strong></span> <span class='ocrx_word' id='word_1_37' title='bbox 1890 891 2044 960; x_wconf 77' lang='lat' dir='ltr'>editores,</span> 
     </span>
    </p>

    <p class='ocr_par' dir='ltr' id='par_1_3' title="bbox 237 994 2048 1716">
     <span class='ocr_line' id='line_1_5' title="bbox 366 994 2048 1079; baseline 0.002 -17"><span class='ocrx_word' id='word_1_38' title='bbox 366 1006 370 1013; x_wconf 86' lang='grc'><em>“</em></span> <span class='ocrx_word' id='word_1_39' title='bbox 465 995 548 1063; x_wconf 81' lang='lat' dir='ltr'><strong>Cum</strong></span> <span class='ocrx_word' id='word_1_40' title='bbox 581 995 684 1078; x_wconf 88' lang='lat' dir='ltr'><strong>igitur</strong></span> <span class='ocrx_word' id='word_1_41' title='bbox 710 995 790 1062; x_wconf 92' lang='lat' dir='ltr'><strong>mihi</strong></span> <span class='ocrx_word' id='word_1_42' title='bbox 816 995 1018 1078; x_wconf 89' lang='lat' dir='ltr'><strong>propositum</strong></span> <span class='ocrx_word' id='word_1_43' title='bbox 1052 994 1106 1074; x_wconf 80' lang='lat' dir='ltr'><strong>sit,</strong></span> <span class='ocrx_word' id='word_1_44' title='bbox 1140 1000 1180 1061; x_wconf 94' lang='lat' dir='ltr'><strong>nt</strong></span> <span class='ocrx_word' id='word_1_45' title='bbox 1213 995 1253 1062; x_wconf 93' lang='lat' dir='ltr'><strong>de</strong></span> <span class='ocrx_word' id='word_1_46' title='bbox 1281 995 1448 1064; x_wconf 81' lang='lat' dir='ltr'><strong>codicibus</strong></span> <span class='ocrx_word' id='word_1_47' title='bbox 1473 995 1683 1079; x_wconf 76' lang='lat' dir='ltr'><strong>interpolatis</strong></span> <span class='ocrx_word' id='word_1_48' title='bbox 1709 997 1871 1079; x_wconf 89' lang='lat' dir='ltr'><strong>disputem</strong></span> <span class='ocrx_word' id='word_1_49' title='bbox 1906 1003 1941 1063; x_wconf 91' lang='lat' dir='ltr'><strong>et</strong></span> <span class='ocrx_word' id='word_1_50' title='bbox 1963 1017 2048 1079; x_wconf 85' lang='lat' dir='ltr'><strong>qnae</strong></span> 
     </span>
     <span class='ocr_line' id='line_1_6' title="bbox 237 1100 2046 1192; baseline -0.001 -21"><span class='ocrx_word' id='word_1_51' title='bbox 237 1185 240 1192; x_wconf 86' lang='lat'><strong>.</strong></span> <span class='ocrx_word' id='word_1_52' title='bbox 303 1104 446 1172; x_wconf 88' lang='lat' dir='ltr'><strong>virtutes</strong></span> <span class='ocrx_word' id='word_1_53' title='bbox 466 1121 614 1184; x_wconf 87' lang='lat' dir='ltr'><strong>quaeque</strong></span> <span class='ocrx_word' id='word_1_54' title='bbox 637 1101 719 1169; x_wconf 87' lang='lat' dir='ltr'><strong>vitia</strong></span> <span class='ocrx_word' id='word_1_55' title='bbox 740 1101 776 1168; x_wconf 94' lang='lat' dir='ltr'><strong>in</strong></span> <span class='ocrx_word' id='word_1_56' title='bbox 797 1102 838 1168; x_wconf 93' lang='lat' dir='ltr'><strong>iis</strong></span> <span class='ocrx_word' id='word_1_57' title='bbox 853 1101 964 1180; x_wconf 85' lang='lat' dir='ltr'><strong>insint,</strong></span> <span class='ocrx_word' id='word_1_58' title='bbox 988 1100 1157 1178; x_wconf 79' lang='lat' dir='ltr'><strong>disseram,</strong></span> <span class='ocrx_word' id='word_1_59' title='bbox 1179 1101 1367 1183; x_wconf 86' lang='lat' dir='ltr'><strong>priusquam</strong></span> <span class='ocrx_word' id='word_1_60' title='bbox 1391 1121 1447 1170; x_wconf 91' lang='lat' dir='ltr'><strong>eos</strong></span> <span class='ocrx_word' id='word_1_61' title='bbox 1463 1103 1593 1170; x_wconf 88' lang='lat' dir='ltr'><strong>codices</strong></span> <span class='ocrx_word' id='word_1_62' title='bbox 1615 1101 1650 1168; x_wconf 94' lang='lat' dir='ltr'><strong>in</strong></span> <span class='ocrx_word' id='word_1_63' title='bbox 1665 1103 1888 1184; x_wconf 86' lang='lat' dir='ltr'><strong>quaestionem</strong></span> <span class='ocrx_word' id='word_1_64' title='bbox 1912 1105 2046 1184; x_wconf 90' lang='lat' dir='ltr'><strong>vocabo,</strong></span> 
     </span>
     <span class='ocr_line' id='line_1_7' title="bbox 302 1207 2045 1292; baseline -0.001 -14"><span class='ocrx_word' id='word_1_65' title='bbox 302 1228 398 1292; x_wconf 87' lang='lat' dir='ltr'><strong>quam</strong></span> <span class='ocrx_word' id='word_1_66' title='bbox 421 1207 614 1276; x_wconf 83' lang='lat' dir='ltr'><strong>brevissima</strong></span> <span class='ocrx_word' id='word_1_67' title='bbox 629 1208 813 1290; x_wconf 74' lang='lat' dir='ltr'><strong>generatim</strong></span> <span class='ocrx_word' id='word_1_68' title='bbox 836 1208 877 1274; x_wconf 90' lang='lat' dir='ltr'><strong>de</strong></span> <span class='ocrx_word' id='word_1_69' title='bbox 901 1207 1075 1286; x_wconf 83' lang='lat' dir='ltr'><strong>codicibus,</strong></span> <span class='ocrx_word' id='word_1_70' title='bbox 1100 1207 1155 1288; x_wconf 85' lang='lat' dir='ltr'><strong>qui</strong></span> <span class='ocrx_word' id='word_1_71' title='bbox 1178 1208 1221 1274; x_wconf 87' lang='lat' dir='ltr'><strong>ad</strong></span> <span class='ocrx_word' id='word_1_72' title='bbox 1244 1208 1548 1275; x_wconf 81' lang='lat' dir='ltr'><strong>commentationem</strong></span> <span class='ocrx_word' id='word_1_73' title='bbox 1571 1227 1677 1276; x_wconf 90' lang='lat' dir='ltr'><strong>meam</strong></span> <span class='ocrx_word' id='word_1_74' title='bbox 1699 1209 1922 1291; x_wconf 89' lang='lat' dir='ltr'><strong>pertinebunt,</strong></span> <span class='ocrx_word' id='word_1_75' title='bbox 1939 1212 2045 1278; x_wconf 83' lang='lat' dir='ltr'><strong>uerba</strong></span> 
     </span>
     <span class='ocr_line' id='line_1_8' title="bbox 301 1311 2044 1402; baseline 0.001 -20"><span class='ocrx_word' id='word_1_76' title='bbox 301 1315 429 1382; x_wconf 82' lang='lat' dir='ltr'><strong>faciam.</strong></span> <span class='ocrx_word' id='word_1_77' title='bbox 475 1314 588 1396; x_wconf 83' lang='lat' dir='ltr'><strong>Atque</strong></span> <span class='ocrx_word' id='word_1_78' title='bbox 612 1313 678 1381; x_wconf 88' lang='lat' dir='ltr'><strong>tria</strong></span> <span class='ocrx_word' id='word_1_79' title='bbox 700 1332 773 1382; x_wconf 90' lang='lat' dir='ltr'><strong>esse</strong></span> <span class='ocrx_word' id='word_1_80' title='bbox 795 1332 919 1397; x_wconf 89' lang='lat' dir='ltr'><strong>genera</strong></span> <span class='ocrx_word' id='word_1_81' title='bbox 941 1313 1088 1396; x_wconf 87' lang='lat' dir='ltr'><strong>codicum</strong></span> <span class='ocrx_word' id='word_1_82' title='bbox 1105 1311 1380 1380; x_wconf 79' lang='lat' dir='ltr'><strong>Caesarianorum</strong></span> <span class='ocrx_word' id='word_1_83' title='bbox 1400 1315 1520 1382; x_wconf 83' lang='lat' dir='ltr'><strong>Hellen</strong></span> <span class='ocrx_word' id='word_1_84' title='bbox 1543 1315 1678 1400; x_wconf 90' lang='lat' dir='ltr'><strong>(Philol.</strong></span> <span class='ocrx_word' id='word_1_85' title='bbox 1702 1315 1814 1384; x_wconf 91' lang='lat' dir='ltr'><strong>XVII</strong></span> <span class='ocrx_word' id='word_1_86' title='bbox 1836 1335 1867 1398; x_wconf 94' lang='lat' dir='ltr'><strong>p.</strong></span> <span class='ocrx_word' id='word_1_87' title='bbox 1891 1323 1956 1384; x_wconf 74' lang='lat'><strong>492</strong></span> <span class='ocrx_word' id='word_1_88' title='bbox 1980 1316 2044 1402; x_wconf 88' lang='lat' dir='ltr'><strong>sq.)</strong></span> 
     </span>
     <span class='ocr_line' id='line_1_9' title="bbox 301 1419 2045 1506; baseline 0.001 -18"><span class='ocrx_word' id='word_1_89' title='bbox 301 1440 374 1488; x_wconf 91' lang='lat' dir='ltr'><strong>cum</strong></span> <span class='ocrx_word' id='word_1_90' title='bbox 397 1440 439 1488; x_wconf 84' lang='lat' dir='ltr'><strong>ex</strong></span> <span class='ocrx_word' id='word_1_91' title='bbox 461 1420 518 1498; x_wconf 91' lang='lat' dir='ltr'><strong>eis,</strong></span> <span class='ocrx_word' id='word_1_92' title='bbox 542 1420 659 1502; x_wconf 89' lang='lat' dir='ltr'><strong>quibus</strong></span> <span class='ocrx_word' id='word_1_93' title='bbox 680 1419 770 1486; x_wconf 91' lang='lat' dir='ltr'><strong>inter</strong></span> <span class='ocrx_word' id='word_1_94' title='bbox 791 1439 827 1486; x_wconf 90' lang='lat' dir='ltr'><strong>se</strong></span> <span class='ocrx_word' id='word_1_95' title='bbox 848 1419 1012 1499; x_wconf 85' lang='lat' dir='ltr'><strong>differunt,</strong></span> <span class='ocrx_word' id='word_1_96' title='bbox 1042 1423 1111 1486; x_wconf 90' lang='lat' dir='ltr'><strong>tum</strong></span> <span class='ocrx_word' id='word_1_97' title='bbox 1134 1438 1175 1485; x_wconf 85' lang='lat' dir='ltr'><strong>ex</strong></span> <span class='ocrx_word' id='word_1_98' title='bbox 1199 1420 1336 1498; x_wconf 89' lang='lat' dir='ltr'><strong>lacunis,</strong></span> <span class='ocrx_word' id='word_1_99' title='bbox 1360 1440 1443 1502; x_wconf 88' lang='lat' dir='ltr'><strong>quae</strong></span> <span class='ocrx_word' id='word_1_100' title='bbox 1466 1419 1563 1487; x_wconf 76' lang='lat' dir='ltr'><strong>iniis</strong></span> <span class='ocrx_word' id='word_1_101' title='bbox 1586 1421 1809 1500; x_wconf 87' lang='lat' dir='ltr'><strong>inveniuntur,</strong></span> <span class='ocrx_word' id='word_1_102' title='bbox 1833 1422 2045 1506; x_wconf 90' lang='lat' dir='ltr'><strong>sagacissime</strong></span> 
     </span>
     <span class='ocr_line' id='line_1_10' title="bbox 301 1525 2043 1610; baseline 0.001 -15"><span class='ocrx_word' id='word_1_103' title='bbox 301 1527 445 1610; x_wconf 90' lang='lat' dir='ltr'><strong>collegit,</strong></span> <span class='ocrx_word' id='word_1_104' title='bbox 469 1545 574 1609; x_wconf 90' lang='lat' dir='ltr'><strong>genus</strong></span> <span class='ocrx_word' id='word_1_105' title='bbox 595 1525 761 1607; x_wconf 85' lang='lat' dir='ltr'><strong>integrum</strong></span> <span class='ocrx_word' id='word_1_106' title='bbox 786 1526 838 1593; x_wconf 90' lang='lat' dir='ltr'><strong>vel</strong></span> <span class='ocrx_word' id='word_1_107' title='bbox 861 1527 1061 1604; x_wconf 86' lang='lat' dir='ltr'><strong>lacunosum,</strong></span> <span class='ocrx_word' id='word_1_108' title='bbox 1085 1525 1231 1604; x_wconf 82' lang='lat' dir='ltr'><strong>mixtum,</strong></span> <span class='ocrx_word' id='word_1_109' title='bbox 1255 1526 1500 1609; x_wconf 85' lang='lat' dir='ltr'><strong>interpolatum.</strong></span> <span class='ocrx_word' id='word_1_110' title='bbox 1548 1526 1687 1594; x_wconf 80' lang='lat' dir='ltr'><strong>Codices</strong></span> <span class='ocrx_word' id='word_1_111' title='bbox 1710 1533 1831 1607; x_wconf 90' lang='lat' dir='ltr'><strong>autem,</strong></span> <span class='ocrx_word' id='word_1_112' title='bbox 1866 1529 1922 1610; x_wconf 88' lang='lat' dir='ltr'><strong>qui</strong></span> <span class='ocrx_word' id='word_1_113' title='bbox 1949 1529 2043 1610; x_wconf 86' lang='lat' dir='ltr'><strong>primi</strong></span> 
     </span>
     <span class='ocr_line' id='line_1_11' title="bbox 300 1632 2044 1716; baseline 0.001 -16"><span class='ocrx_word' id='word_1_114' title='bbox 300 1634 432 1716; x_wconf 88' lang='lat' dir='ltr'><strong>generis</strong></span> <span class='ocrx_word' id='word_1_115' title='bbox 455 1638 542 1712; x_wconf 80' lang='lat' dir='ltr'><strong>sunt,</strong></span> <span class='ocrx_word' id='word_1_116' title='bbox 575 1633 625 1698; x_wconf 85' lang='lat' dir='ltr'><strong>ita</strong></span> <span class='ocrx_word' id='word_1_117' title='bbox 650 1632 738 1698; x_wconf 91' lang='lat' dir='ltr'><strong>inter</strong></span> <span class='ocrx_word' id='word_1_118' title='bbox 765 1649 801 1698; x_wconf 90' lang='lat' dir='ltr'><strong>se</strong></span> <span class='ocrx_word' id='word_1_119' title='bbox 829 1632 1027 1714; x_wconf 79' lang='lat' dir='ltr'><strong>discrepant,</strong></span> <span class='ocrx_word' id='word_1_120' title='bbox 1062 1637 1101 1698; x_wconf 91' lang='lat' dir='ltr'><strong>nt</strong></span> <span class='ocrx_word' id='word_1_121' title='bbox 1127 1632 1161 1698; x_wconf 92' lang='lat' dir='ltr'><strong>in</strong></span> <span class='ocrx_word' id='word_1_122' title='bbox 1185 1632 1368 1713; x_wconf 89' lang='lat' dir='ltr'><strong>complures</strong></span> <span class='ocrx_word' id='word_1_123' title='bbox 1395 1633 1539 1700; x_wconf 81' lang='lat' dir='ltr'><strong>familias</strong></span> <span class='ocrx_word' id='word_1_124' title='bbox 1565 1633 1632 1700; x_wconf 90' lang='lat' dir='ltr'><strong>sint</strong></span> <span class='ocrx_word' id='word_1_125' title='bbox 1655 1633 1882 1714; x_wconf 90' lang='lat' dir='ltr'><strong>distribuendi,</strong></span> <span class='ocrx_word' id='word_1_126' title='bbox 1906 1654 2044 1716; x_wconf 87' lang='lat' dir='ltr'><strong>quarum</strong></span> 
     </span>
    </p>
   </div>
   <div class='ocr_carea' id='block_1_3' title="bbox 156 1730 2043 1827">
    <p class='ocr_par' dir='ltr' id='par_1_4' title="bbox 156 1730 2043 1827">
     <span class='ocr_line' id='line_1_12' title="bbox 156 1730 2043 1827; baseline 0.002 -21"><span class='ocrx_word' id='word_1_127' title='bbox 156 1745 162 1756; x_wconf 89' lang='lat'>&#39;</span> <span class='ocrx_word' id='word_1_128' title='bbox 299 1741 424 1822; x_wconf 90' lang='lat' dir='ltr'><strong>primae</strong></span> <span class='ocrx_word' id='word_1_129' title='bbox 447 1739 516 1807; x_wconf 91' lang='lat' dir='ltr'><strong>cod.</strong></span> <span class='ocrx_word' id='word_1_130' title='bbox 538 1739 786 1821; x_wconf 87' lang='lat' dir='ltr'><strong>Bongarsianus</strong></span> <span class='ocrx_word' id='word_1_131' title='bbox 807 1738 827 1804; x_wconf 93' lang='grc' dir='ltr'>Ι</span> <span class='ocrx_word' id='word_1_132' title='bbox 850 1738 904 1805; x_wconf 86' lang='lat' dir='ltr'><strong>vel</strong></span> <span class='ocrx_word' id='word_1_133' title='bbox 926 1737 1227 1805; x_wconf 88' lang='lat' dir='ltr'><strong>Amstelodamenis</strong></span> <span class='ocrx_word' id='word_1_134' title='bbox 1251 1738 1307 1824; x_wconf 75' lang='lat' dir='ltr'><strong>(a)</strong></span> <span class='ocrx_word' id='word_1_135' title='bbox 1331 1740 1465 1824; x_wconf 83' lang='lat' dir='ltr'><strong>ejusque</strong></span> <span class='ocrx_word' id='word_1_136' title='bbox 1487 1739 1598 1806; x_wconf 88' lang='lat' dir='ltr'><strong>affinis</strong></span> <span class='ocrx_word' id='word_1_137' title='bbox 1620 1739 1691 1808; x_wconf 92' lang='lat' dir='ltr'><strong>cod.</strong></span> <span class='ocrx_word' id='word_1_138' title='bbox 1714 1739 1950 1807; x_wconf 88' lang='lat' dir='ltr'><strong>Moissaoensis</strong></span> <span class='ocrx_word' id='word_1_139' title='bbox 1964 1730 2043 1827; x_wconf 69' lang='lat' dir='ltr'><strong>⁴(ll),</strong></span> 
     </span>
    </p>
   </div>
   <div class='ocr_carea' id='block_1_4' title="bbox 285 1843 2044 5218">
    <p class='ocr_par' dir='ltr' id='par_1_5' title="bbox 293 1843 2044 3625">
     <span class='ocr_line' id='line_1_13' title="bbox 299 1843 2043 1933; baseline 0.001 -20"><span class='ocrx_word' id='word_1_140' title='bbox 299 1846 398 1913; x_wconf 91' lang='lat' dir='ltr'><strong>alteri</strong></span> <span class='ocrx_word' id='word_1_141' title='bbox 429 1845 532 1912; x_wconf 83' lang='lat' dir='ltr'><strong>codex</strong></span> <span class='ocrx_word' id='word_1_142' title='bbox 560 1844 774 1912; x_wconf 90' lang='lat' dir='ltr'><strong>ParisinusI</strong></span> <span class='ocrx_word' id='word_1_143' title='bbox 805 1843 858 1930; x_wconf 83' lang='grc' dir='ltr'><strong>(Β)</strong></span> <span class='ocrx_word' id='word_1_144' title='bbox 889 1845 1023 1928; x_wconf 85' lang='lat' dir='ltr'><strong>ejusque</strong></span> <span class='ocrx_word' id='word_1_145' title='bbox 1054 1844 1237 1912; x_wconf 89' lang='lat' dir='ltr'><strong>simillimus</strong></span> <span class='ocrx_word' id='word_1_146' title='bbox 1267 1844 1336 1912; x_wconf 91' lang='lat' dir='ltr'><strong>cod.</strong></span> <span class='ocrx_word' id='word_1_147' title='bbox 1371 1845 1556 1914; x_wconf 79' lang='lat' dir='ltr'><strong>Vaticanus</strong></span> <span class='ocrx_word' id='word_1_148' title='bbox 1593 1851 1679 1914; x_wconf 82' lang='lat'>3864</span> <span class='ocrx_word' id='word_1_149' title='bbox 1708 1846 1763 1914; x_wconf 86' lang='lat' dir='ltr'><strong>vel</strong></span> <span class='ocrx_word' id='word_1_150' title='bbox 1786 1847 1954 1914; x_wconf 87' lang='lat' dir='ltr'><strong>Romanus</strong></span> <span class='ocrx_word' id='word_1_151' title='bbox 1978 1847 2043 1933; x_wconf 84' lang='lat' dir='ltr'><strong>(ll),</strong></span> 
     </span>
     <span class='ocr_line' id='line_1_14' title="bbox 298 1937 2044 2038; baseline -0.001 -18"><span class='ocrx_word' id='word_1_152' title='bbox 298 1959 335 2020; x_wconf 90' lang='lat' dir='ltr'><strong>et</strong></span> <span class='ocrx_word' id='word_1_153' title='bbox 357 1953 385 2020; x_wconf 91' lang='lat' dir='ltr'><strong>si</strong></span> <span class='ocrx_word' id='word_1_154' title='bbox 407 1951 539 2020; x_wconf 85' lang='lat' dir='ltr'><strong>Helleni</strong></span> <span class='ocrx_word' id='word_1_155' title='bbox 566 1950 798 2017; x_wconf 88' lang='lat' dir='ltr'><strong>anctoritatem</strong></span> <span class='ocrx_word' id='word_1_156' title='bbox 829 1937 1009 2031; x_wconf 84' lang='lat' dir='ltr'><strong>sequimur,</strong></span> <span class='ocrx_word' id='word_1_157' title='bbox 1034 1951 1103 2017; x_wconf 91' lang='lat' dir='ltr'><strong>cod.</strong></span> <span class='ocrx_word' id='word_1_158' title='bbox 1128 1950 1312 2018; x_wconf 87' lang='lat' dir='ltr'><strong>Vossianus</strong></span> <span class='ocrx_word' id='word_1_159' title='bbox 1333 1951 1353 2018; x_wconf 92' lang='lat' dir='ltr'><strong>I</strong></span> <span class='ocrx_word' id='word_1_160' title='bbox 1375 1951 1439 2038; x_wconf 79' lang='lat'><strong>(0),</strong></span> <span class='ocrx_word' id='word_1_161' title='bbox 1470 1951 1512 2018; x_wconf 93' lang='lat' dir='ltr'><strong>de</strong></span> <span class='ocrx_word' id='word_1_162' title='bbox 1542 1971 1606 2033; x_wconf 86' lang='lat' dir='ltr'><strong>quo</strong></span> <span class='ocrx_word' id='word_1_163' title='bbox 1634 1951 1722 2018; x_wconf 84' lang='lat' dir='ltr'><strong>infra</strong></span> <span class='ocrx_word' id='word_1_164' title='bbox 1751 1952 1916 2031; x_wconf 81' lang='lat' dir='ltr'><strong>dicemus,</strong></span> <span class='ocrx_word' id='word_1_165' title='bbox 1944 1953 2044 2019; x_wconf 87' lang='lat' dir='ltr'><strong>adnu-</strong></span> 
     </span>
     <span class='ocr_line' id='line_1_15' title="bbox 298 2055 2043 2141; baseline 0.001 -17"><span class='ocrx_word' id='word_1_166' title='bbox 298 2065 477 2126; x_wconf 88' lang='lat' dir='ltr'><strong>merantur.</strong></span> <span class='ocrx_word' id='word_1_167' title='bbox 524 2056 681 2138; x_wconf 85' lang='lat' dir='ltr'><strong>Rehquos</strong></span> <span class='ocrx_word' id='word_1_168' title='bbox 703 2056 831 2124; x_wconf 89' lang='lat' dir='ltr'><strong>codices</strong></span> <span class='ocrx_word' id='word_1_169' title='bbox 853 2056 949 2123; x_wconf 90' lang='lat' dir='ltr'><strong>huius</strong></span> <span class='ocrx_word' id='word_1_170' title='bbox 972 2055 1104 2139; x_wconf 90' lang='lat' dir='ltr'><strong>generis</strong></span> <span class='ocrx_word' id='word_1_171' title='bbox 1127 2063 1162 2123; x_wconf 93' lang='lat' dir='ltr'><strong>et</strong></span> <span class='ocrx_word' id='word_1_172' title='bbox 1188 2057 1229 2136; x_wconf 88' lang='lat' dir='ltr'><strong>ei,</strong></span> <span class='ocrx_word' id='word_1_173' title='bbox 1257 2058 1312 2138; x_wconf 86' lang='lat' dir='ltr'><strong>qni</strong></span> <span class='ocrx_word' id='word_1_174' title='bbox 1339 2058 1453 2140; x_wconf 87' lang='lat' dir='ltr'><strong>generi</strong></span> <span class='ocrx_word' id='word_1_175' title='bbox 1477 2059 1578 2126; x_wconf 85' lang='lat' dir='ltr'><strong>mixto</strong></span> <span class='ocrx_word' id='word_1_176' title='bbox 1601 2059 1822 2137; x_wconf 88' lang='lat' dir='ltr'><strong>ascribuntur,</strong></span> <span class='ocrx_word' id='word_1_177' title='bbox 1846 2058 1966 2141; x_wconf 87' lang='lat' dir='ltr'><strong>quippe</strong></span> <span class='ocrx_word' id='word_1_178' title='bbox 1989 2061 2043 2140; x_wconf 87' lang='lat' dir='ltr'><strong>qui</strong></span> 
     </span>
     <span class='ocr_line' id='line_1_16' title="bbox 298 2163 2043 2247; baseline -0.001 -15"><span class='ocrx_word' id='word_1_179' title='bbox 298 2166 422 2232; x_wconf 92' lang='lat' dir='ltr'><strong>minore</strong></span> <span class='ocrx_word' id='word_1_180' title='bbox 453 2163 521 2231; x_wconf 88' lang='lat' dir='ltr'><strong>siut</strong></span> <span class='ocrx_word' id='word_1_181' title='bbox 549 2163 757 2240; x_wconf 79' lang='lat' dir='ltr'><strong>auctoritate,</strong></span> <span class='ocrx_word' id='word_1_182' title='bbox 789 2180 982 2230; x_wconf 91' lang='lat' dir='ltr'><strong>enumerare</strong></span> <span class='ocrx_word' id='word_1_183' title='bbox 1013 2163 1220 2245; x_wconf 87' lang='lat' dir='ltr'><strong>supersedeo.</strong></span> <span class='ocrx_word' id='word_1_184' title='bbox 1267 2163 1374 2230; x_wconf 76' lang='lat' dir='ltr'><strong>Tertii</strong></span> <span class='ocrx_word' id='word_1_185' title='bbox 1404 2167 1514 2232; x_wconf 86' lang='lat' dir='ltr'><strong>autem</strong></span> <span class='ocrx_word' id='word_1_186' title='bbox 1537 2164 1678 2247; x_wconf 88' lang='lat' dir='ltr'><strong>generis,</strong></span> <span class='ocrx_word' id='word_1_187' title='bbox 1711 2165 1797 2246; x_wconf 91' lang='lat' dir='ltr'><strong>quod</strong></span> <span class='ocrx_word' id='word_1_188' title='bbox 1820 2167 1920 2247; x_wconf 90' lang='lat' dir='ltr'><strong>vulgo</strong></span> <span class='ocrx_word' id='word_1_189' title='bbox 1943 2165 2043 2232; x_wconf 89' lang='lat' dir='ltr'><strong>inter·</strong></span> 
     </span>
     <span class='ocr_line' id='line_1_17' title="bbox 297 2267 2041 2358; baseline 0 -21"><span class='ocrx_word' id='word_1_190' title='bbox 297 2272 444 2353; x_wconf 90' lang='lat' dir='ltr'><strong>polatum</strong></span> <span class='ocrx_word' id='word_1_191' title='bbox 467 2276 614 2348; x_wconf 85' lang='lat' dir='ltr'><strong>vocatur,</strong></span> <span class='ocrx_word' id='word_1_192' title='bbox 645 2269 680 2336; x_wconf 93' lang='lat' dir='ltr'><strong>hi</strong></span> <span class='ocrx_word' id='word_1_193' title='bbox 709 2273 787 2334; x_wconf 91' lang='lat' dir='ltr'><strong>sunt</strong></span> <span class='ocrx_word' id='word_1_194' title='bbox 809 2267 952 2338; x_wconf 86' lang='lat' dir='ltr'><strong>codices:</strong></span> <span class='ocrx_word' id='word_1_195' title='bbox 986 2268 1157 2334; x_wconf 87' lang='lat' dir='ltr'><strong>Parisinus</strong></span> <span class='ocrx_word' id='word_1_196' title='bbox 1185 2268 1234 2348; x_wconf 86' lang='lat' dir='ltr'><strong>II,</strong></span> <span class='ocrx_word' id='word_1_197' title='bbox 1266 2270 1419 2352; x_wconf 80' lang='lat' dir='ltr'><strong>Frigellii</strong></span> <span class='ocrx_word' id='word_1_198' title='bbox 1449 2271 1627 2338; x_wconf 80' lang='lat' dir='ltr'><strong>Thoaneus</strong></span> <span class='ocrx_word' id='word_1_199' title='bbox 1650 2271 1711 2356; x_wconf 84' lang='lat' dir='ltr'><strong>(u),</strong></span> <span class='ocrx_word' id='word_1_200' title='bbox 1742 2271 2041 2358; x_wconf 82' lang='lat' dir='ltr'><strong>Leidensis1(b),</strong></span> 
     </span>
     <span class='ocr_line' id='line_1_18' title="bbox 299 2373 2040 2464; baseline 0 -20"><span class='ocrx_word' id='word_1_201' title='bbox 299 2376 532 2460; x_wconf 87' lang='lat' dir='ltr'><strong>Scaligeranus</strong></span> <span class='ocrx_word' id='word_1_202' title='bbox 560 2376 619 2462; x_wconf 90' lang='lat' dir='ltr'><strong>(c),</strong></span> <span class='ocrx_word' id='word_1_203' title='bbox 654 2373 853 2442; x_wconf 86' lang='lat' dir='ltr'><strong>Oniacianus</strong></span> <span class='ocrx_word' id='word_1_204' title='bbox 880 2375 939 2462; x_wconf 83' lang='lat' dir='ltr'><strong>(d),</strong></span> <span class='ocrx_word' id='word_1_205' title='bbox 973 2375 1175 2442; x_wconf 88' lang='lat' dir='ltr'><strong>Hanniensis</strong></span> <span class='ocrx_word' id='word_1_206' title='bbox 1200 2375 1220 2441; x_wconf 98' lang='lat' dir='ltr'><strong>I</strong></span> <span class='ocrx_word' id='word_1_207' title='bbox 1247 2376 1306 2462; x_wconf 91' lang='lat' dir='ltr'><strong>(e),</strong></span> <span class='ocrx_word' id='word_1_208' title='bbox 1335 2376 1640 2445; x_wconf 85' lang='lat' dir='ltr'><strong>Vindobonensisi</strong></span> <span class='ocrx_word' id='word_1_209' title='bbox 1667 2377 1723 2463; x_wconf 79' lang='lat' dir='ltr'><strong>(l),</strong></span> <span class='ocrx_word' id='word_1_210' title='bbox 1760 2377 1957 2444; x_wconf 86' lang='lat' dir='ltr'><strong>Ursinianus</strong></span> <span class='ocrx_word' id='word_1_211' title='bbox 1980 2377 2040 2464; x_wconf 82' lang='lat' dir='ltr'><strong>(p),</strong></span> 
     </span>
     <span class='ocr_line' id='line_1_19' title="bbox 296 2480 2041 2570; baseline 0.001 -20"><span class='ocrx_word' id='word_1_212' title='bbox 296 2483 450 2550; x_wconf 89' lang='lat' dir='ltr'><strong>Andinus</strong></span> <span class='ocrx_word' id='word_1_213' title='bbox 480 2481 539 2570; x_wconf 82' lang='lat' dir='ltr'><strong>(h),</strong></span> <span class='ocrx_word' id='word_1_214' title='bbox 580 2480 776 2549; x_wconf 85' lang='lat' dir='ltr'><strong>Oxoniensis</strong></span> <span class='ocrx_word' id='word_1_215' title='bbox 814 2480 863 2568; x_wconf 85' lang='lat' dir='ltr'><strong>(l).</strong></span> <span class='ocrx_word' id='word_1_216' title='bbox 931 2480 1044 2548; x_wconf 85' lang='lat' dir='ltr'><strong>Codex</strong></span> <span class='ocrx_word' id='word_1_217' title='bbox 1077 2481 1248 2548; x_wconf 88' lang='lat' dir='ltr'><strong>Parisinus</strong></span> <span class='ocrx_word' id='word_1_218' title='bbox 1282 2482 1321 2548; x_wconf 90' lang='lat' dir='ltr'><strong>Il</strong></span> <span class='ocrx_word' id='word_1_219' title='bbox 1355 2487 1390 2550; x_wconf 90' lang='lat' dir='ltr'><strong>et</strong></span> <span class='ocrx_word' id='word_1_220' title='bbox 1423 2483 1629 2562; x_wconf 88' lang='lat' dir='ltr'><strong>Ursinianus,</strong></span> <span class='ocrx_word' id='word_1_221' title='bbox 1676 2484 1848 2567; x_wconf 85' lang='lat' dir='ltr'><strong>archetypi</strong></span> <span class='ocrx_word' id='word_1_222' title='bbox 1883 2491 2041 2566; x_wconf 87' lang='lat' dir='ltr'><strong>tanquam</strong></span> 
     </span>
     <span class='ocr_line' id='line_1_20' title="bbox 296 2587 2039 2672; baseline 0.001 -15"><span class='ocrx_word' id='word_1_223' title='bbox 296 2591 461 2668; x_wconf 89' lang='lat' dir='ltr'><strong>traduces,</strong></span> <span class='ocrx_word' id='word_1_224' title='bbox 503 2606 621 2671; x_wconf 90' lang='lat' dir='ltr'><strong>agmen</strong></span> <span class='ocrx_word' id='word_1_225' title='bbox 662 2587 934 2670; x_wconf 84' lang='lat' dir='ltr'><strong>interpolatorum</strong></span> <span class='ocrx_word' id='word_1_226' title='bbox 976 2588 1101 2654; x_wconf 89' lang='lat' dir='ltr'><strong>ducunt</strong></span> <span class='ocrx_word' id='word_1_227' title='bbox 1139 2594 1175 2654; x_wconf 91' lang='lat' dir='ltr'><strong>et</strong></span> <span class='ocrx_word' id='word_1_228' title='bbox 1214 2589 1312 2671; x_wconf 90' lang='lat' dir='ltr'><strong>longe</strong></span> <span class='ocrx_word' id='word_1_229' title='bbox 1353 2593 1432 2656; x_wconf 79' lang='lat' dir='ltr'><strong>aunt</strong></span> <span class='ocrx_word' id='word_1_230' title='bbox 1475 2609 1587 2657; x_wconf 91' lang='lat' dir='ltr'><strong>eorum</strong></span> <span class='ocrx_word' id='word_1_231' title='bbox 1632 2590 1922 2672; x_wconf 76' lang='lat' dir='ltr'><strong>praestantissimi,</strong></span> <span class='ocrx_word' id='word_1_232' title='bbox 1970 2590 2039 2659; x_wconf 91' lang='lat' dir='ltr'><strong>cod.</strong></span> 
     </span>
     <span class='ocr_line' id='line_1_21' title="bbox 295 2693 2039 2778; baseline 0.001 -16"><span class='ocrx_word' id='word_1_233' title='bbox 295 2695 468 2764; x_wconf 87' lang='lat' dir='ltr'><strong>Leidensis</strong></span> <span class='ocrx_word' id='word_1_234' title='bbox 496 2695 516 2761; x_wconf 97' lang='lat' dir='ltr'><strong>I</strong></span> <span class='ocrx_word' id='word_1_235' title='bbox 549 2693 662 2762; x_wconf 88' lang='lat' dir='ltr'><strong>multis</strong></span> <span class='ocrx_word' id='word_1_236' title='bbox 691 2693 771 2760; x_wconf 91' lang='lat' dir='ltr'><strong>locis</strong></span> <span class='ocrx_word' id='word_1_237' title='bbox 808 2712 910 2775; x_wconf 90' lang='lat' dir='ltr'><strong>prope</strong></span> <span class='ocrx_word' id='word_1_238' title='bbox 943 2693 1073 2760; x_wconf 89' lang='lat' dir='ltr'><strong>accedit</strong></span> <span class='ocrx_word' id='word_1_239' title='bbox 1106 2694 1149 2776; x_wconf 89' lang='lat' dir='ltr'><strong>ad</strong></span> <span class='ocrx_word' id='word_1_240' title='bbox 1182 2694 1369 2762; x_wconf 90' lang='lat' dir='ltr'><strong>Parisiunm</strong></span> <span class='ocrx_word' id='word_1_241' title='bbox 1397 2695 1446 2773; x_wconf 92' lang='lat' dir='ltr'><strong>II,</strong></span> <span class='ocrx_word' id='word_1_242' title='bbox 1478 2696 1537 2762; x_wconf 91' lang='lat' dir='ltr'><strong>sed</strong></span> <span class='ocrx_word' id='word_1_243' title='bbox 1567 2697 1720 2774; x_wconf 91' lang='lat' dir='ltr'><strong>nonita,</strong></span> <span class='ocrx_word' id='word_1_244' title='bbox 1756 2703 1794 2762; x_wconf 90' lang='lat' dir='ltr'><strong>nt</strong></span> <span class='ocrx_word' id='word_1_245' title='bbox 1827 2715 1869 2763; x_wconf 83' lang='lat' dir='ltr'><strong>ex</strong></span> <span class='ocrx_word' id='word_1_246' title='bbox 1899 2715 1937 2763; x_wconf 92' lang='lat' dir='ltr'><strong>eo</strong></span> <span class='ocrx_word' id='word_1_247' title='bbox 1968 2697 2039 2778; x_wconf 93' lang='lat' dir='ltr'><strong>ipso</strong></span> 
     </span>
     <span class='ocr_line' id='line_1_22' title="bbox 295 2799 2039 2893; baseline 0.001 -25"><span class='ocrx_word' id='word_1_248' title='bbox 295 2802 469 2869; x_wconf 90' lang='lat' dir='ltr'><strong>traductus</strong></span> <span class='ocrx_word' id='word_1_249' title='bbox 499 2819 571 2868; x_wconf 89' lang='lat' dir='ltr'><strong>essa</strong></span> <span class='ocrx_word' id='word_1_250' title='bbox 594 2800 761 2880; x_wconf 66' lang='lat' dir='ltr'><strong>videntum</strong></span> <span class='ocrx_word' id='word_1_251' title='bbox 793 2799 923 2893; x_wconf 82' lang='lat' dir='ltr'><strong>saepius</strong></span> <span class='ocrx_word' id='word_1_252' title='bbox 954 2801 1138 2866; x_wconf 88' lang='lat' dir='ltr'><strong>enimcum</strong></span> <span class='ocrx_word' id='word_1_253' title='bbox 1169 2800 1335 2867; x_wconf 90' lang='lat' dir='ltr'><strong>codicibus</strong></span> <span class='ocrx_word' id='word_1_254' title='bbox 1368 2801 1509 2884; x_wconf 79' lang='lat' dir='ltr'><strong>integris</strong></span> <span class='ocrx_word' id='word_1_255' title='bbox 1542 2802 1785 2884; x_wconf 89' lang='lat' dir='ltr'><strong>conspirantem</strong></span> <span class='ocrx_word' id='word_1_256' title='bbox 1818 2821 1884 2868; x_wconf 91' lang='lat' dir='ltr'><strong>non</strong></span> <span class='ocrx_word' id='word_1_257' title='bbox 1918 2802 2039 2869; x_wconf 90' lang='lat' dir='ltr'><strong>iniuria</strong></span> 
     </span>
     <span class='ocr_line' id='line_1_23' title="bbox 295 2905 2040 2989; baseline 0 -15"><span class='ocrx_word' id='word_1_258' title='bbox 295 2907 406 2974; x_wconf 85' lang='lat' dir='ltr'><strong>mixtis</strong></span> <span class='ocrx_word' id='word_1_259' title='bbox 428 2907 638 2974; x_wconf 89' lang='lat' dir='ltr'><strong>adnumerari</strong></span> <span class='ocrx_word' id='word_1_260' title='bbox 659 2923 755 2988; x_wconf 91' lang='lat' dir='ltr'><strong>posse</strong></span> <span class='ocrx_word' id='word_1_261' title='bbox 788 2905 876 2972; x_wconf 86' lang='lat' dir='ltr'><strong>inira</strong></span> <span class='ocrx_word' id='word_1_262' title='bbox 910 2906 1088 2973; x_wconf 89' lang='lat' dir='ltr'><strong>ostendam.</strong></span> <span class='ocrx_word' id='word_1_263' title='bbox 1135 2905 1216 2974; x_wconf 82' lang='lat' dir='ltr'><strong>Cori.</strong></span> <span class='ocrx_word' id='word_1_264' title='bbox 1240 2907 1442 2974; x_wconf 88' lang='lat' dir='ltr'><strong>Hauniensis</strong></span> <span class='ocrx_word' id='word_1_265' title='bbox 1464 2908 1493 2986; x_wconf 93' lang='lat' dir='ltr'><strong>I,</strong></span> <span class='ocrx_word' id='word_1_266' title='bbox 1528 2927 1622 2989; x_wconf 90' lang='lat' dir='ltr'><strong>quem</strong></span> <span class='ocrx_word' id='word_1_267' title='bbox 1651 2907 1780 2974; x_wconf 89' lang='lat' dir='ltr'><strong>Whitte</strong></span> <span class='ocrx_word' id='word_1_268' title='bbox 1813 2908 1848 2975; x_wconf 92' lang='lat' dir='ltr'><strong>iu</strong></span> <span class='ocrx_word' id='word_1_269' title='bbox 1882 2926 2040 2974; x_wconf 89' lang='lat' dir='ltr'><strong>commen·</strong></span> 
     </span>
     <span class='ocr_line' id='line_1_24' title="bbox 293 3012 2038 3095; baseline 0.001 -15"><span class='ocrx_word' id='word_1_270' title='bbox 293 3013 420 3080; x_wconf 91' lang='lat' dir='ltr'><strong>tatione</strong></span> <span class='ocrx_word' id='word_1_271' title='bbox 442 3031 526 3095; x_wconf 87' lang='lat' dir='ltr'><strong>quae</strong></span> <span class='ocrx_word' id='word_1_272' title='bbox 548 3012 722 3079; x_wconf 90' lang='lat' dir='ltr'><strong>annalibus</strong></span> <span class='ocrx_word' id='word_1_273' title='bbox 744 3029 853 3094; x_wconf 85' lang='lat' dir='ltr'><strong>gymn.</strong></span> <span class='ocrx_word' id='word_1_274' title='bbox 878 3012 1082 3079; x_wconf 87' lang='lat' dir='ltr'><strong>Roennensis</strong></span> <span class='ocrx_word' id='word_1_275' title='bbox 1111 3017 1193 3078; x_wconf 81' lang='grc'>1847</span> <span class='ocrx_word' id='word_1_276' title='bbox 1218 3013 1334 3080; x_wconf 88' lang='lat' dir='ltr'><strong>addita</strong></span> <span class='ocrx_word' id='word_1_277' title='bbox 1362 3019 1422 3091; x_wconf 73' lang='lat' dir='ltr'><strong>est,</strong></span> <span class='ocrx_word' id='word_1_278' title='bbox 1450 3013 1627 3095; x_wconf 84' lang='lat' dir='ltr'><strong>diligenter</strong></span> <span class='ocrx_word' id='word_1_279' title='bbox 1654 3014 1803 3091; x_wconf 70' lang='lat' dir='ltr'><strong>contulit,</strong></span> <span class='ocrx_word' id='word_1_280' title='bbox 1839 3014 1909 3080; x_wconf 90' lang='lat' dir='ltr'><strong>sine</strong></span> <span class='ocrx_word' id='word_1_281' title='bbox 1941 3014 2038 3082; x_wconf 89' lang='lat' dir='ltr'><strong>dubio</strong></span> 
     </span>
     <span class='ocr_line' id='line_1_25' title="bbox 294 3117 2037 3205; baseline 0 -19"><span class='ocrx_word' id='word_1_282' title='bbox 294 3121 504 3202; x_wconf 88' lang='lat' dir='ltr'><strong>apographus</strong></span> <span class='ocrx_word' id='word_1_283' title='bbox 537 3126 591 3205; x_wconf 81' lang='lat' dir='ltr'><strong>est</strong></span> <span class='ocrx_word' id='word_1_284' title='bbox 619 3117 688 3185; x_wconf 91' lang='lat' dir='ltr'><strong>cod.</strong></span> <span class='ocrx_word' id='word_1_285' title='bbox 724 3117 903 3196; x_wconf 89' lang='lat' dir='ltr'><strong>Ursiniani,</strong></span> <span class='ocrx_word' id='word_1_286' title='bbox 940 3135 1075 3200; x_wconf 88' lang='lat' dir='ltr'><strong>quocum</strong></span> <span class='ocrx_word' id='word_1_287' title='bbox 1110 3118 1259 3199; x_wconf 90' lang='lat' dir='ltr'><strong>plurimis</strong></span> <span class='ocrx_word' id='word_1_288' title='bbox 1294 3119 1374 3186; x_wconf 93' lang='lat' dir='ltr'><strong>locis</strong></span> <span class='ocrx_word' id='word_1_289' title='bbox 1404 3121 1582 3200; x_wconf 82' lang='lat' dir='ltr'><strong>consentit3</strong></span> <span class='ocrx_word' id='word_1_290' title='bbox 1618 3118 1699 3188; x_wconf 85' lang='lat' dir='ltr'><strong>Ood.</strong></span> <span class='ocrx_word' id='word_1_291' title='bbox 1723 3120 1986 3189; x_wconf 80' lang='lat' dir='ltr'><strong>vindobonensis</strong></span> <span class='ocrx_word' id='word_1_292' title='bbox 2009 3120 2037 3198; x_wconf 92' lang='lat' dir='ltr'><strong>I,</strong></span> 
     </span>
     <span class='ocr_line' id='line_1_26' title="bbox 293 3223 2038 3308; baseline 0.001 -16"><span class='ocrx_word' id='word_1_293' title='bbox 293 3244 389 3307; x_wconf 88' lang='lat' dir='ltr'><strong>quam</strong></span> <span class='ocrx_word' id='word_1_294' title='bbox 423 3224 603 3292; x_wconf 83' lang='lat' dir='ltr'><strong>Schneider</strong></span> <span class='ocrx_word' id='word_1_295' title='bbox 633 3223 820 3290; x_wconf 89' lang='lat' dir='ltr'><strong>accuratius</strong></span> <span class='ocrx_word' id='word_1_296' title='bbox 848 3223 1001 3305; x_wconf 81' lang='lat' dir='ltr'><strong>inspexit,</strong></span> <span class='ocrx_word' id='word_1_297' title='bbox 1040 3223 1108 3290; x_wconf 90' lang='lat' dir='ltr'><strong>suis</strong></span> <span class='ocrx_word' id='word_1_298' title='bbox 1137 3223 1317 3292; x_wconf 88' lang='lat' dir='ltr'><strong>virtutibus</strong></span> <span class='ocrx_word' id='word_1_299' title='bbox 1350 3242 1415 3292; x_wconf 94' lang='lat' dir='ltr'><strong>non</strong></span> <span class='ocrx_word' id='word_1_300' title='bbox 1449 3230 1558 3306; x_wconf 88' lang='lat' dir='ltr'><strong>caret;</strong></span> <span class='ocrx_word' id='word_1_301' title='bbox 1607 3227 1750 3308; x_wconf 88' lang='lat' dir='ltr'><strong>reliquos</strong></span> <span class='ocrx_word' id='word_1_302' title='bbox 1780 3226 1910 3293; x_wconf 90' lang='lat' dir='ltr'><strong>codices</strong></span> <span class='ocrx_word' id='word_1_303' title='bbox 1941 3227 2038 3294; x_wconf 90' lang='lat' dir='ltr'><strong>huius</strong></span> 
     </span>
     <span class='ocr_line' id='line_1_27' title="bbox 293 3330 2036 3414; baseline 0.001 -16"><span class='ocrx_word' id='word_1_304' title='bbox 293 3331 425 3414; x_wconf 90' lang='lat' dir='ltr'><strong>generis</strong></span> <span class='ocrx_word' id='word_1_305' title='bbox 446 3331 589 3398; x_wconf 91' lang='lat' dir='ltr'><strong>nondum</strong></span> <span class='ocrx_word' id='word_1_306' title='bbox 615 3330 697 3398; x_wconf 70' lang='lat' dir='ltr'><strong>sads</strong></span> <span class='ocrx_word' id='word_1_307' title='bbox 728 3330 904 3412; x_wconf 84' lang='lat' dir='ltr'><strong>diligenter</strong></span> <span class='ocrx_word' id='word_1_308' title='bbox 927 3349 1080 3396; x_wconf 84' lang='lat' dir='ltr'><strong>excussos</strong></span> <span class='ocrx_word' id='word_1_309' title='bbox 1106 3348 1179 3396; x_wconf 91' lang='lat' dir='ltr'><strong>esse</strong></span> <span class='ocrx_word' id='word_1_310' title='bbox 1202 3331 1301 3399; x_wconf 87' lang='lat' dir='ltr'><strong>valde</strong></span> <span class='ocrx_word' id='word_1_311' title='bbox 1324 3331 1496 3398; x_wconf 90' lang='lat' dir='ltr'><strong>dolendum</strong></span> <span class='ocrx_word' id='word_1_312' title='bbox 1520 3337 1690 3399; x_wconf 82' lang='lat' dir='ltr'><strong>esteten</strong></span> <span class='ocrx_word' id='word_1_313' title='bbox 1713 3332 1828 3414; x_wconf 89' lang='lat' dir='ltr'><strong>magis,</strong></span> <span class='ocrx_word' id='word_1_314' title='bbox 1852 3332 1938 3414; x_wconf 87' lang='lat' dir='ltr'><strong>quod</strong></span> <span class='ocrx_word' id='word_1_315' title='bbox 1966 3332 2036 3400; x_wconf 89' lang='lat' dir='ltr'><strong>cod.</strong></span> 
     </span>
     <span class='ocr_line' id='line_1_28' title="bbox 293 3435 2037 3520; baseline -0.001 -16"><span class='ocrx_word' id='word_1_316' title='bbox 293 3437 446 3504; x_wconf 87' lang='lat' dir='ltr'><strong>Andinus</strong></span> <span class='ocrx_word' id='word_1_317' title='bbox 470 3442 504 3503; x_wconf 91' lang='lat' dir='ltr'><strong>et</strong></span> <span class='ocrx_word' id='word_1_318' title='bbox 532 3435 736 3516; x_wconf 88' lang='lat' dir='ltr'><strong>Oxoniensis,</strong></span> <span class='ocrx_word' id='word_1_319' title='bbox 760 3453 840 3517; x_wconf 89' lang='lat' dir='ltr'><strong>quos</strong></span> <span class='ocrx_word' id='word_1_320' title='bbox 862 3437 1003 3502; x_wconf 90' lang='lat' dir='ltr'><strong>alterum</strong></span> <span class='ocrx_word' id='word_1_321' title='bbox 1030 3435 1129 3503; x_wconf 89' lang='lat' dir='ltr'><strong>alteri</strong></span> <span class='ocrx_word' id='word_1_322' title='bbox 1151 3436 1331 3503; x_wconf 92' lang='lat' dir='ltr'><strong>simillimos</strong></span> <span class='ocrx_word' id='word_1_323' title='bbox 1352 3437 1454 3504; x_wconf 88' lang='lat' dir='ltr'><strong>fuisse</strong></span> <span class='ocrx_word' id='word_1_324' title='bbox 1477 3436 1731 3520; x_wconf 89' lang='lat' dir='ltr'><strong>Oudendorpius</strong></span> <span class='ocrx_word' id='word_1_325' title='bbox 1759 3437 1865 3520; x_wconf 85' lang='lat' dir='ltr'><strong>praei.</strong></span> <span class='ocrx_word' id='word_1_326' title='bbox 1890 3457 1921 3520; x_wconf 90' lang='lat' dir='ltr'><strong>p.</strong></span> <span class='ocrx_word' id='word_1_327' title='bbox 1946 3438 2037 3508; x_wconf 92' lang='lat' dir='ltr'><strong>VIII</strong></span> 
     </span>
     <span class='ocr_line' id='line_1_29' title="bbox 293 3542 1496 3625; baseline 0 -15"><span class='ocrx_word' id='word_1_328' title='bbox 293 3544 471 3622; x_wconf 88' lang='lat' dir='ltr'><strong>contendit,</strong></span> <span class='ocrx_word' id='word_1_329' title='bbox 496 3550 531 3610; x_wconf 90' lang='lat' dir='ltr'><strong>et</strong></span> <span class='ocrx_word' id='word_1_330' title='bbox 553 3543 623 3610; x_wconf 88' lang='lat' dir='ltr'><strong>cod.</strong></span> <span class='ocrx_word' id='word_1_331' title='bbox 647 3542 881 3624; x_wconf 83' lang='lat' dir='ltr'><strong>Scaligeranus</strong></span> <span class='ocrx_word' id='word_1_332' title='bbox 904 3543 961 3608; x_wconf 91' lang='lat' dir='ltr'><strong>ubi</strong></span> <span class='ocrx_word' id='word_1_333' title='bbox 983 3543 1035 3608; x_wconf 91' lang='lat' dir='ltr'><strong>his</strong></span> <span class='ocrx_word' id='word_1_334' title='bbox 1057 3543 1258 3625; x_wconf 89' lang='lat' dir='ltr'><strong>temporibus</strong></span> <span class='ocrx_word' id='word_1_335' title='bbox 1281 3543 1357 3622; x_wconf 90' lang='lat' dir='ltr'><strong>sint,</strong></span> <span class='ocrx_word' id='word_1_336' title='bbox 1382 3544 1496 3610; x_wconf 87' lang='lat' dir='ltr'><strong>lateat.</strong></span> 
     </span>
    </p>

    <p class='ocr_par' dir='ltr' id='par_1_6' title="bbox 285 3647 2036 5005">
     <span class='ocr_line' id='line_1_30' title="bbox 452 3647 2036 3732; baseline 0 -16"><span class='ocrx_word' id='word_1_337' title='bbox 452 3651 503 3717; x_wconf 89' lang='lat' dir='ltr'><strong>At</strong></span> <span class='ocrx_word' id='word_1_338' title='bbox 525 3668 720 3732; x_wconf 87' lang='lat' dir='ltr'><strong>quamquam</strong></span> <span class='ocrx_word' id='word_1_339' title='bbox 743 3647 956 3730; x_wconf 91' lang='lat' dir='ltr'><strong>complurium</strong></span> <span class='ocrx_word' id='word_1_340' title='bbox 972 3649 1118 3715; x_wconf 87' lang='lat' dir='ltr'><strong>codicum</strong></span> <span class='ocrx_word' id='word_1_341' title='bbox 1142 3654 1176 3715; x_wconf 91' lang='lat' dir='ltr'><strong>et</strong></span> <span class='ocrx_word' id='word_1_342' title='bbox 1190 3649 1394 3732; x_wconf 89' lang='lat' dir='ltr'><strong>integrorum</strong></span> <span class='ocrx_word' id='word_1_343' title='bbox 1416 3655 1452 3716; x_wconf 87' lang='lat' dir='ltr'><strong>et</strong></span> <span class='ocrx_word' id='word_1_344' title='bbox 1470 3649 1744 3731; x_wconf 89' lang='lat' dir='ltr'><strong>interpolatorum</strong></span> <span class='ocrx_word' id='word_1_345' title='bbox 1760 3649 1920 3716; x_wconf 85' lang='lat' dir='ltr'><strong>lectibues</strong></span> <span class='ocrx_word' id='word_1_346' title='bbox 1943 3668 2036 3716; x_wconf 90' lang='lat' dir='ltr'><strong>accu-</strong></span> 
     </span>
     <span class='ocr_line' id='line_1_31' title="bbox 291 3754 2036 3837; baseline -0.001 -15"><span class='ocrx_word' id='word_1_347' title='bbox 291 3761 366 3822; x_wconf 90' lang='lat' dir='ltr'><strong>rate</strong></span> <span class='ocrx_word' id='word_1_348' title='bbox 386 3757 542 3822; x_wconf 82' lang='lat' dir='ltr'><strong>collectas</strong></span> <span class='ocrx_word' id='word_1_349' title='bbox 558 3755 723 3834; x_wconf 90' lang='lat' dir='ltr'><strong>habemus,</strong></span> <span class='ocrx_word' id='word_1_350' title='bbox 747 3760 857 3820; x_wconf 87' lang='lat' dir='ltr'><strong>tamen</strong></span> <span class='ocrx_word' id='word_1_351' title='bbox 880 3772 944 3820; x_wconf 92' lang='lat' dir='ltr'><strong>non</strong></span> <span class='ocrx_word' id='word_1_352' title='bbox 967 3755 1084 3822; x_wconf 92' lang='lat' dir='ltr'><strong>mirum</strong></span> <span class='ocrx_word' id='word_1_353' title='bbox 1100 3754 1274 3834; x_wconf 90' lang='lat' dir='ltr'><strong>videbitur,</strong></span> <span class='ocrx_word' id='word_1_354' title='bbox 1297 3773 1362 3822; x_wconf 92' lang='lat' dir='ltr'><strong>non</strong></span> <span class='ocrx_word' id='word_1_355' title='bbox 1389 3774 1517 3837; x_wconf 91' lang='lat' dir='ltr'><strong>semper</strong></span> <span class='ocrx_word' id='word_1_356' title='bbox 1539 3754 1617 3836; x_wconf 88' lang='lat' dir='ltr'><strong>quid</strong></span> <span class='ocrx_word' id='word_1_357' title='bbox 1639 3756 1760 3836; x_wconf 85' lang='lat' dir='ltr'><strong>ubique</strong></span> <span class='ocrx_word' id='word_1_358' title='bbox 1781 3757 1924 3837; x_wconf 88' lang='lat' dir='ltr'><strong>legatur,</strong></span> <span class='ocrx_word' id='word_1_359' title='bbox 1948 3755 2036 3822; x_wconf 88' lang='lat' dir='ltr'><strong>inter</strong></span> 
     </span>
     <span class='ocr_line' id='line_1_32' title="bbox 291 3860 2033 3945; baseline -0.001 -16"><span class='ocrx_word' id='word_1_360' title='bbox 291 3879 357 3940; x_wconf 78' lang='lat' dir='ltr'><strong>eos</strong></span> <span class='ocrx_word' id='word_1_361' title='bbox 381 3863 436 3945; x_wconf 88' lang='lat' dir='ltr'><strong>qui</strong></span> <span class='ocrx_word' id='word_1_362' title='bbox 456 3862 584 3929; x_wconf 90' lang='lat' dir='ltr'><strong>codices</strong></span> <span class='ocrx_word' id='word_1_363' title='bbox 604 3865 828 3938; x_wconf 84' lang='lat' dir='ltr'><strong>excusserunt,</strong></span> <span class='ocrx_word' id='word_1_364' title='bbox 857 3860 1040 3938; x_wconf 86' lang='lat' dir='ltr'><strong>convenire,</strong></span> <span class='ocrx_word' id='word_1_365' title='bbox 1064 3880 1137 3926; x_wconf 88' lang='lat' dir='ltr'><strong>curn</strong></span> <span class='ocrx_word' id='word_1_366' title='bbox 1160 3861 1194 3926; x_wconf 93' lang='lat' dir='ltr'><strong>in</strong></span> <span class='ocrx_word' id='word_1_367' title='bbox 1216 3861 1338 3927; x_wconf 85' lang='lat' dir='ltr'><strong>litteris</strong></span> <span class='ocrx_word' id='word_1_368' title='bbox 1362 3879 1595 3944; x_wconf 88' lang='lat' dir='ltr'><strong>saepenumero</strong></span> <span class='ocrx_word' id='word_1_369' title='bbox 1619 3861 1803 3928; x_wconf 90' lang='lat' dir='ltr'><strong>obscuratis</strong></span> <span class='ocrx_word' id='word_1_370' title='bbox 1826 3861 1913 3928; x_wconf 91' lang='lat' dir='ltr'><strong>oculi</strong></span> <span class='ocrx_word' id='word_1_371' title='bbox 1935 3861 2033 3928; x_wconf 87' lang='lat' dir='ltr'><strong>lacile</strong></span> 
     </span>
     <span class='ocr_line' id='line_1_33' title="bbox 290 3964 2031 4052; baseline -0.001 -17"><span class='ocrx_word' id='word_1_372' title='bbox 290 3967 408 4036; x_wconf 82' lang='lat' dir='ltr'><strong>fallere</strong></span> <span class='ocrx_word' id='word_1_373' title='bbox 428 3968 564 4052; x_wconf 90' lang='lat' dir='ltr'><strong>possint.</strong></span> <span class='ocrx_word' id='word_1_374' title='bbox 603 3964 698 4051; x_wconf 84' lang='lat' dir='ltr'><strong>Quod</strong></span> <span class='ocrx_word' id='word_1_375' title='bbox 720 3967 769 4032; x_wconf 91' lang='lat' dir='ltr'><strong>ita</strong></span> <span class='ocrx_word' id='word_1_376' title='bbox 783 3983 865 4044; x_wconf 88' lang='lat' dir='ltr'><strong>esse,</strong></span> <span class='ocrx_word' id='word_1_377' title='bbox 888 3985 961 4033; x_wconf 91' lang='lat' dir='ltr'><strong>oum</strong></span> <span class='ocrx_word' id='word_1_378' title='bbox 976 3985 1018 4033; x_wconf 85' lang='lat' dir='ltr'><strong>ex</strong></span> <span class='ocrx_word' id='word_1_379' title='bbox 1032 3967 1135 4034; x_wconf 87' lang='lat' dir='ltr'><strong>variis</strong></span> <span class='ocrx_word' id='word_1_380' title='bbox 1158 3967 1352 4034; x_wconf 91' lang='lat' dir='ltr'><strong>lectionibus</strong></span> <span class='ocrx_word' id='word_1_381' title='bbox 1374 3967 1454 4050; x_wconf 91' lang='lat' dir='ltr'><strong>ipsis</strong></span> <span class='ocrx_word' id='word_1_382' title='bbox 1477 3973 1511 4034; x_wconf 91' lang='lat' dir='ltr'><strong>et</strong></span> <span class='ocrx_word' id='word_1_383' title='bbox 1526 3967 1567 4034; x_wconf 92' lang='lat' dir='ltr'><strong>iis</strong></span> <span class='ocrx_word' id='word_1_384' title='bbox 1582 3986 1667 4049; x_wconf 87' lang='lat' dir='ltr'><strong>quaa</strong></span> <span class='ocrx_word' id='word_1_385' title='bbox 1681 3967 1864 4035; x_wconf 87' lang='lat' dir='ltr'><strong>Vielhaber</strong></span> <span class='ocrx_word' id='word_1_386' title='bbox 1876 3965 2031 4051; x_wconf 87' lang='lat' dir='ltr'><strong>(Ztschft.</strong></span> 
     </span>
     <span class='ocr_line' id='line_1_34' title="bbox 290 4071 2032 4159; baseline -0.002 -17"><span class='ocrx_word' id='word_1_387' title='bbox 290 4071 314 4142; x_wconf 81' lang='lat' dir='ltr'><strong>s.</strong></span> <span class='ocrx_word' id='word_1_388' title='bbox 345 4078 423 4142; x_wconf 83' lang='lat' dir='ltr'><strong>bstr.</strong></span> <span class='ocrx_word' id='word_1_389' title='bbox 452 4072 571 4158; x_wconf 80' lang='lat' dir='ltr'><strong>Gymn.</strong></span> <span class='ocrx_word' id='word_1_390' title='bbox 602 4072 684 4141; x_wconf 90' lang='lat' dir='ltr'><strong>XV.</strong></span> <span class='ocrx_word' id='word_1_391' title='bbox 711 4092 742 4155; x_wconf 93' lang='lat' dir='ltr'><strong>p.</strong></span> <span class='ocrx_word' id='word_1_392' title='bbox 767 4077 808 4138; x_wconf 74' lang='lat'><strong>29</strong></span> <span class='ocrx_word' id='word_1_393' title='bbox 832 4071 895 4159; x_wconf 89' lang='lat' dir='ltr'><strong>sq.)</strong></span> <span class='ocrx_word' id='word_1_394' title='bbox 922 4077 958 4139; x_wconf 93' lang='lat' dir='ltr'><strong>et</strong></span> <span class='ocrx_word' id='word_1_395' title='bbox 981 4072 1079 4138; x_wconf 88' lang='lat' dir='ltr'><strong>Koch</strong></span> <span class='ocrx_word' id='word_1_396' title='bbox 1102 4072 1258 4158; x_wconf 88' lang='lat' dir='ltr'><strong>(Ztschft.</strong></span> <span class='ocrx_word' id='word_1_397' title='bbox 1283 4073 1336 4140; x_wconf 82' lang='lat' dir='ltr'><strong>fiir</strong></span> <span class='ocrx_word' id='word_1_398' title='bbox 1363 4071 1669 4158; x_wconf 79' lang='lat' dir='ltr'><strong>Gymnasialwescn</strong></span> <span class='ocrx_word' id='word_1_399' title='bbox 1695 4073 1777 4142; x_wconf 89' lang='lat' dir='ltr'><strong>XV.</strong></span> <span class='ocrx_word' id='word_1_400' title='bbox 1812 4093 1843 4155; x_wconf 93' lang='lat' dir='ltr'><strong>p.</strong></span> <span class='ocrx_word' id='word_1_401' title='bbox 1873 4079 1936 4142; x_wconf 78' lang='lat'><strong>592</strong></span> <span class='ocrx_word' id='word_1_402' title='bbox 1970 4071 2032 4158; x_wconf 89' lang='lat' dir='ltr'><strong>sq.)</strong></span> 
     </span>
     <span class='ocr_line' id='line_1_35' title="bbox 291 4178 2033 4276; baseline -0.003 -27"><span class='ocrx_word' id='word_1_403' title='bbox 291 4182 331 4249; x_wconf 87' lang='lat' dir='ltr'><strong>de</strong></span> <span class='ocrx_word' id='word_1_404' title='bbox 365 4200 405 4247; x_wconf 87' lang='lat' dir='ltr'><strong>ea</strong></span> <span class='ocrx_word' id='word_1_405' title='bbox 432 4198 468 4246; x_wconf 89' lang='lat' dir='ltr'><strong>re</strong></span> <span class='ocrx_word' id='word_1_406' title='bbox 502 4180 766 4262; x_wconf 85' lang='lat' dir='ltr'><strong>disputaverunt,</strong></span> <span class='ocrx_word' id='word_1_407' title='bbox 791 4195 976 4260; x_wconf 87' lang='lat' dir='ltr'><strong>cognosces.</strong></span> <span class='ocrx_word' id='word_1_408' title='bbox 1022 4178 1099 4245; x_wconf 92' lang='lat' dir='ltr'><strong>Huc</strong></span> <span class='ocrx_word' id='word_1_409' title='bbox 1127 4178 1265 4256; x_wconf 89' lang='lat' dir='ltr'><strong>accedit,</strong></span> <span class='ocrx_word' id='word_1_410' title='bbox 1301 4179 1386 4262; x_wconf 91' lang='lat' dir='ltr'><strong>qnod</strong></span> <span class='ocrx_word' id='word_1_411' title='bbox 1419 4199 1484 4246; x_wconf 91' lang='lat' dir='ltr'><strong>non</strong></span> <span class='ocrx_word' id='word_1_412' title='bbox 1510 4198 1622 4276; x_wconf 87' lang='lat' dir='ltr'><strong>omnes</strong></span> <span class='ocrx_word' id='word_1_413' title='bbox 1656 4180 1763 4247; x_wconf 87' lang='lat' dir='ltr'><strong>critici</strong></span> <span class='ocrx_word' id='word_1_414' title='bbox 1799 4180 1840 4246; x_wconf 93' lang='lat' dir='ltr'><strong>de</strong></span> <span class='ocrx_word' id='word_1_415' title='bbox 1868 4179 2033 4246; x_wconf 90' lang='lat' dir='ltr'><strong>codicibus</strong></span> 
     </span>
     <span class='ocr_line' id='line_1_36' title="bbox 291 4284 2034 4370; baseline -0.001 -18"><span class='ocrx_word' id='word_1_416' title='bbox 291 4285 378 4353; x_wconf 91' lang='lat' dir='ltr'><strong>idem</strong></span> <span class='ocrx_word' id='word_1_417' title='bbox 394 4285 589 4363; x_wconf 82' lang='lat' dir='ltr'><strong>sentiebant</strong></span> <span class='ocrx_word' id='word_1_418' title='bbox 614 4290 649 4352; x_wconf 90' lang='lat' dir='ltr'><strong>et</strong></span> <span class='ocrx_word' id='word_1_419' title='bbox 671 4285 859 4367; x_wconf 85' lang='lat' dir='ltr'><strong>utquisque</strong></span> <span class='ocrx_word' id='word_1_420' title='bbox 881 4302 992 4351; x_wconf 91' lang='lat' dir='ltr'><strong>eorum</strong></span> <span class='ocrx_word' id='word_1_421' title='bbox 1008 4284 1230 4365; x_wconf 83' lang='lat' dir='ltr'><strong>praestantior</strong></span> <span class='ocrx_word' id='word_1_422' title='bbox 1245 4284 1430 4365; x_wconf 82' lang='lat' dir='ltr'><strong>videbatur,</strong></span> <span class='ocrx_word' id='word_1_423' title='bbox 1456 4304 1493 4352; x_wconf 92' lang='lat' dir='ltr'><strong>eo</strong></span> <span class='ocrx_word' id='word_1_424' title='bbox 1517 4286 1651 4353; x_wconf 89' lang='lat' dir='ltr'><strong>uberius</strong></span> <span class='ocrx_word' id='word_1_425' title='bbox 1674 4287 1744 4370; x_wconf 90' lang='lat' dir='ltr'><strong>ejus</strong></span> <span class='ocrx_word' id='word_1_426' title='bbox 1766 4286 1926 4352; x_wconf 89' lang='lat' dir='ltr'><strong>lectiones</strong></span> <span class='ocrx_word' id='word_1_427' title='bbox 1948 4285 2034 4352; x_wconf 85' lang='lat' dir='ltr'><strong>refe·</strong></span> 
     </span>
     <span class='ocr_line' id='line_1_37' title="bbox 290 4390 2033 4474; baseline -0.001 -16"><span class='ocrx_word' id='word_1_428' title='bbox 290 4393 459 4460; x_wconf 88' lang='lat' dir='ltr'><strong>rebantur.</strong></span> <span class='ocrx_word' id='word_1_429' title='bbox 505 4391 652 4460; x_wconf 83' lang='lat' dir='ltr'><strong>Maxime</strong></span> <span class='ocrx_word' id='word_1_430' title='bbox 683 4391 744 4458; x_wconf 92' lang='lat' dir='ltr'><strong>hoc</strong></span> <span class='ocrx_word' id='word_1_431' title='bbox 767 4390 810 4456; x_wconf 90' lang='lat' dir='ltr'><strong>ad</strong></span> <span class='ocrx_word' id='word_1_432' title='bbox 833 4391 960 4457; x_wconf 90' lang='lat' dir='ltr'><strong>codices</strong></span> <span class='ocrx_word' id='word_1_433' title='bbox 983 4391 1201 4474; x_wconf 85' lang='lat' dir='ltr'><strong>interpolatos</strong></span> <span class='ocrx_word' id='word_1_434' title='bbox 1222 4391 1376 4473; x_wconf 90' lang='lat' dir='ltr'><strong>pertinet,</strong></span> <span class='ocrx_word' id='word_1_435' title='bbox 1404 4410 1466 4458; x_wconf 88' lang='lat' dir='ltr'><strong>neo</strong></span> <span class='ocrx_word' id='word_1_436' title='bbox 1487 4391 1597 4470; x_wconf 87' lang='lat' dir='ltr'><strong>facile,</strong></span> <span class='ocrx_word' id='word_1_437' title='bbox 1622 4393 1700 4473; x_wconf 87' lang='lat' dir='ltr'><strong>quid</strong></span> <span class='ocrx_word' id='word_1_438' title='bbox 1723 4392 1842 4473; x_wconf 86' lang='lat' dir='ltr'><strong>ubique</strong></span> <span class='ocrx_word' id='word_1_439' title='bbox 1866 4397 2033 4460; x_wconf 90' lang='lat' dir='ltr'><strong>vetustum</strong></span> 
     </span>
     <span class='ocr_line' id='line_1_38' title="bbox 289 4496 2032 4581; baseline -0.001 -18"><span class='ocrx_word' id='word_1_440' title='bbox 289 4496 374 4564; x_wconf 93' lang='lat' dir='ltr'><strong>illud</strong></span> <span class='ocrx_word' id='word_1_441' title='bbox 408 4499 576 4581; x_wconf 86' lang='lat' dir='ltr'><strong>exemplar</strong></span> <span class='ocrx_word' id='word_1_442' title='bbox 608 4497 841 4580; x_wconf 87' lang='lat' dir='ltr'><strong>interpolatum</strong></span> <span class='ocrx_word' id='word_1_443' title='bbox 864 4496 1059 4576; x_wconf 81' lang='lat' dir='ltr'><strong>exhibuerit,</strong></span> <span class='ocrx_word' id='word_1_444' title='bbox 1083 4498 1300 4580; x_wconf 91' lang='lat' dir='ltr'><strong>cognoscitur.</strong></span> <span class='ocrx_word' id='word_1_445' title='bbox 1369 4497 1468 4565; x_wconf 85' lang='lat' dir='ltr'><strong>Adde</strong></span> <span class='ocrx_word' id='word_1_446' title='bbox 1501 4497 1587 4579; x_wconf 88' lang='lat' dir='ltr'><strong>quod</strong></span> <span class='ocrx_word' id='word_1_447' title='bbox 1622 4497 1720 4565; x_wconf 89' lang='lat' dir='ltr'><strong>etiam</strong></span> <span class='ocrx_word' id='word_1_448' title='bbox 1755 4497 1883 4564; x_wconf 88' lang='lat' dir='ltr'><strong>librarii</strong></span> <span class='ocrx_word' id='word_1_449' title='bbox 1917 4498 2032 4564; x_wconf 88' lang='lat' dir='ltr'><strong>horum</strong></span> 
     </span>
     <span class='ocr_line' id='line_1_39' title="bbox 289 4602 2033 4688; baseline -0.001 -18"><span class='ocrx_word' id='word_1_450' title='bbox 289 4603 437 4670; x_wconf 90' lang='lat' dir='ltr'><strong>codicum</strong></span> <span class='ocrx_word' id='word_1_451' title='bbox 468 4606 598 4688; x_wconf 90' lang='lat' dir='ltr'><strong>saepius</strong></span> <span class='ocrx_word' id='word_1_452' title='bbox 629 4621 669 4671; x_wconf 86' lang='lat' dir='ltr'><strong>ex</strong></span> <span class='ocrx_word' id='word_1_453' title='bbox 698 4602 834 4670; x_wconf 93' lang='lat' dir='ltr'><strong>libidine</strong></span> <span class='ocrx_word' id='word_1_454' title='bbox 864 4609 924 4669; x_wconf 89' lang='lat' dir='ltr'><strong>aut</strong></span> <span class='ocrx_word' id='word_1_455' title='bbox 953 4603 1164 4686; x_wconf 88' lang='lat' dir='ltr'><strong>neglegentia</strong></span> <span class='ocrx_word' id='word_1_456' title='bbox 1192 4603 1296 4670; x_wconf 80' lang='lat' dir='ltr'><strong>verba</strong></span> <span class='ocrx_word' id='word_1_457' title='bbox 1330 4602 1546 4670; x_wconf 88' lang='lat' dir='ltr'><strong>describenda</strong></span> <span class='ocrx_word' id='word_1_458' title='bbox 1580 4609 1875 4682; x_wconf 82' lang='lat' dir='ltr'><strong>commutaverunt,</strong></span> <span class='ocrx_word' id='word_1_459' title='bbox 1910 4604 1960 4670; x_wconf 89' lang='lat' dir='ltr'><strong>ita</strong></span> <span class='ocrx_word' id='word_1_460' title='bbox 1995 4608 2033 4670; x_wconf 90' lang='lat' dir='ltr'><strong>ut</strong></span> 
     </span>
     <span class='ocr_line' id='line_1_40' title="bbox 286 4708 2032 4792; baseline -0.001 -16"><span class='ocrx_word' id='word_1_461' title='bbox 286 4709 382 4776; x_wconf 90' lang='lat' dir='ltr'><strong>haud</strong></span> <span class='ocrx_word' id='word_1_462' title='bbox 397 4709 446 4776; x_wconf 90' lang='lat' dir='ltr'><strong>ita</strong></span> <span class='ocrx_word' id='word_1_463' title='bbox 459 4729 536 4777; x_wconf 89' lang='lat' dir='ltr'><strong>raro</strong></span> <span class='ocrx_word' id='word_1_464' title='bbox 559 4711 617 4778; x_wconf 90' lang='lat' dir='ltr'><strong>elii</strong></span> <span class='ocrx_word' id='word_1_465' title='bbox 632 4709 761 4777; x_wconf 89' lang='lat' dir='ltr'><strong>codices</strong></span> <span class='ocrx_word' id='word_1_466' title='bbox 784 4711 825 4775; x_wconf 92' lang='lat' dir='ltr'><strong>ab</strong></span> <span class='ocrx_word' id='word_1_467' title='bbox 846 4709 921 4775; x_wconf 88' lang='lat' dir='ltr'><strong>aliis</strong></span> <span class='ocrx_word' id='word_1_468' title='bbox 936 4709 1107 4776; x_wconf 89' lang='lat' dir='ltr'><strong>recedant:</strong></span> <span class='ocrx_word' id='word_1_469' title='bbox 1132 4710 1278 4791; x_wconf 89' lang='lat' dir='ltr'><strong>requires</strong></span> <span class='ocrx_word' id='word_1_470' title='bbox 1298 4728 1424 4777; x_wconf 89' lang='lat' dir='ltr'><strong>mecum</strong></span> <span class='ocrx_word' id='word_1_471' title='bbox 1443 4708 1573 4786; x_wconf 90' lang='lat' dir='ltr'><strong>librum,</strong></span> <span class='ocrx_word' id='word_1_472' title='bbox 1598 4709 1654 4792; x_wconf 88' lang='lat' dir='ltr'><strong>qui</strong></span> <span class='ocrx_word' id='word_1_473' title='bbox 1675 4727 1740 4776; x_wconf 90' lang='lat' dir='ltr'><strong>non</strong></span> <span class='ocrx_word' id='word_1_474' title='bbox 1763 4711 1867 4776; x_wconf 90' lang='lat' dir='ltr'><strong>solum</strong></span> <span class='ocrx_word' id='word_1_475' title='bbox 1883 4710 2032 4776; x_wconf 91' lang='lat' dir='ltr'><strong>omuibus</strong></span> 
     </span>
     <span class='ocr_line' id='line_1_41' title="bbox 285 4814 2031 4899; baseline 0 -17"><span class='ocrx_word' id='word_1_476' title='bbox 285 4815 496 4894; x_wconf 90' lang='lat' dir='ltr'><strong>lectionibus,</strong></span> <span class='ocrx_word' id='word_1_477' title='bbox 521 4835 602 4898; x_wconf 86' lang='lat' dir='ltr'><strong>quas</strong></span> <span class='ocrx_word' id='word_1_478' title='bbox 617 4815 803 4899; x_wconf 91' lang='lat' dir='ltr'><strong>superiores</strong></span> <span class='ocrx_word' id='word_1_479' title='bbox 826 4814 933 4881; x_wconf 83' lang='lat' dir='ltr'><strong>critici</strong></span> <span class='ocrx_word' id='word_1_480' title='bbox 953 4815 1167 4898; x_wconf 83' lang='lat' dir='ltr'><strong>collegerunt,</strong></span> <span class='ocrx_word' id='word_1_481' title='bbox 1183 4816 1365 4882; x_wconf 90' lang='lat' dir='ltr'><strong>instructus</strong></span> <span class='ocrx_word' id='word_1_482' title='bbox 1388 4815 1440 4894; x_wconf 90' lang='lat' dir='ltr'><strong>sit,</strong></span> <span class='ocrx_word' id='word_1_483' title='bbox 1465 4816 1524 4882; x_wconf 90' lang='lat' dir='ltr'><strong>sed</strong></span> <span class='ocrx_word' id='word_1_484' title='bbox 1546 4815 1625 4898; x_wconf 88' lang='lat' dir='ltr'><strong>quid</strong></span> <span class='ocrx_word' id='word_1_485' title='bbox 1647 4815 1795 4884; x_wconf 89' lang='lat' dir='ltr'><strong>codicum</strong></span> <span class='ocrx_word' id='word_1_486' title='bbox 1816 4815 2031 4897; x_wconf 89' lang='lat' dir='ltr'><strong>integrorum,</strong></span> 
     </span>
     <span class='ocr_line' id='line_1_42' title="bbox 292 4921 1376 5005; baseline 0 -15"><span class='ocrx_word' id='word_1_487' title='bbox 292 4923 369 5005; x_wconf 78' lang='lat' dir='ltr'><strong>qud</strong></span> <span class='ocrx_word' id='word_1_488' title='bbox 392 4922 665 5004; x_wconf 88' lang='lat' dir='ltr'><strong>interpolatorum</strong></span> <span class='ocrx_word' id='word_1_489' title='bbox 688 4923 741 4999; x_wconf 70' lang='lat' dir='ltr'><strong>sit,</strong></span> <span class='ocrx_word' id='word_1_490' title='bbox 766 4921 920 4988; x_wconf 77' lang='lat' dir='ltr'><strong>dIstincte</strong></span> <span class='ocrx_word' id='word_1_491' title='bbox 942 4926 1041 5002; x_wconf 84' lang='lat' dir='ltr'><strong>atque</strong></span> <span class='ocrx_word' id='word_1_492' title='bbox 1064 4927 1219 4989; x_wconf 89' lang='lat' dir='ltr'><strong>accurate</strong></span> <span class='ocrx_word' id='word_1_493' title='bbox 1242 4921 1376 4990; x_wconf 89' lang='lat' dir='ltr'><strong>referet.</strong></span> 
     </span>
    </p>

    <p class='ocr_par' dir='ltr' id='par_1_7' title="bbox 286 5026 2032 5218">
     <span class='ocr_line' id='line_1_43' title="bbox 446 5026 2032 5111; baseline -0.002 -16"><span class='ocrx_word' id='word_1_494' title='bbox 446 5027 512 5095; x_wconf 83' lang='lat' dir='ltr'><strong>Sed</strong></span> <span class='ocrx_word' id='word_1_495' title='bbox 549 5029 738 5111; x_wconf 88' lang='lat' dir='ltr'><strong>priusquam</strong></span> <span class='ocrx_word' id='word_1_496' title='bbox 776 5027 950 5109; x_wconf 88' lang='lat' dir='ltr'><strong>explorare</strong></span> <span class='ocrx_word' id='word_1_497' title='bbox 986 5027 1171 5106; x_wconf 89' lang='lat' dir='ltr'><strong>instituam,</strong></span> <span class='ocrx_word' id='word_1_498' title='bbox 1211 5047 1295 5111; x_wconf 88' lang='lat' dir='ltr'><strong>quaa</strong></span> <span class='ocrx_word' id='word_1_499' title='bbox 1333 5027 1473 5095; x_wconf 90' lang='lat' dir='ltr'><strong>conditio</strong></span> <span class='ocrx_word' id='word_1_500' title='bbox 1511 5028 1599 5095; x_wconf 90' lang='lat' dir='ltr'><strong>inter</strong></span> <span class='ocrx_word' id='word_1_501' title='bbox 1636 5027 1765 5096; x_wconf 89' lang='lat' dir='ltr'><strong>codices</strong></span> <span class='ocrx_word' id='word_1_502' title='bbox 1802 5026 1950 5110; x_wconf 88' lang='lat' dir='ltr'><strong>integros</strong></span> <span class='ocrx_word' id='word_1_503' title='bbox 1995 5032 2032 5094; x_wconf 91' lang='lat' dir='ltr'><strong>et</strong></span> 
     </span>
     <span class='ocr_line' id='line_1_44' title="bbox 286 5133 2028 5218; baseline -0.003 -15"><span class='ocrx_word' id='word_1_504' title='bbox 286 5134 504 5218; x_wconf 88' lang='lat' dir='ltr'><strong>interpolatos</strong></span> <span class='ocrx_word' id='word_1_505' title='bbox 526 5134 723 5215; x_wconf 82' lang='lat' dir='ltr'><strong>intercedat,</strong></span> <span class='ocrx_word' id='word_1_506' title='bbox 748 5133 789 5200; x_wconf 91' lang='lat' dir='ltr'><strong>de</strong></span> <span class='ocrx_word' id='word_1_507' title='bbox 811 5135 908 5201; x_wconf 89' lang='lat' dir='ltr'><strong>iustis</strong></span> <span class='ocrx_word' id='word_1_508' title='bbox 930 5133 1201 5216; x_wconf 86' lang='lat' dir='ltr'><strong>interpolatorum</strong></span> <span class='ocrx_word' id='word_1_509' title='bbox 1217 5135 1412 5202; x_wconf 87' lang='lat' dir='ltr'><strong>lectionibus</strong></span> <span class='ocrx_word' id='word_1_510' title='bbox 1432 5134 1619 5204; x_wconf 89' lang='lat' dir='ltr'><strong>accuratius</strong></span> <span class='ocrx_word' id='word_1_511' title='bbox 1641 5134 1775 5202; x_wconf 84' lang='lat' dir='ltr'><strong>videtur</strong></span> <span class='ocrx_word' id='word_1_512' title='bbox 1793 5133 2028 5200; x_wconf 89' lang='lat' dir='ltr'><strong>disserendum.</strong></span> 
     </span>
    </p>
   </div>
   <div class='ocr_carea' id='block_1_5' title="bbox 0 0 2292 5810">
    <p class='ocr_par' dir='ltr' id='par_1_8' title="bbox 0 0 2292 5810">
     <span class='ocr_line' id='line_1_45' title="bbox 0 0 2292 5810; baseline 0 8"><span class='ocrx_word' id='word_1_513' title='bbox 0 0 2292 5810; x_wconf 95' lang='lat' dir='ltr'><strong> </strong></span> 
     </span>
    </p>
   </div>
  </div>
 </body>
</html>
