4576 5810
571 1379 652 1490 lle
690 1377 934 1490 Caesaris
973 1375 1248 1490 codicibus
1283 1373 1654 1510 interpolatis.

985 1654 1086 1724 Pare
1113 1651 1243 1736 prior.

399 1952 625 2047 perlustranti
639 1979 718 2046 mihi
730 1978 955 2062 discrepantes
967 1978 1133 2055 lectiones,
1150 1995 1232 2059 quas
1247 1995 1288 2042 ex
1300 1975 1411 2062 multis
1426 1993 1465 2041 ac
1480 1973 1582 2042 variis
1594 1972 1760 2040 codicibus
1772 1970 1984 2040 Caesarianis

194 2123 197 2132 ‚
241 2103 397 2152 excussas
419 2085 484 2154 viri
506 2085 594 2152 docti
616 2085 651 2150 in
674 2086 780 2152 lucem
802 2084 1021 2167 protulerunt,
1046 2101 1166 2166 operae
1189 2082 1331 2166 pretinm
1355 2099 1427 2149 esse
1443 2080 1630 2158 videbatur,
1655 2079 1813 2146 lectiones
1836 2077 1985 2144 codicum

239 2191 523 2274 interpolatorum,
551 2193 606 2273 qui
628 2191 729 2274 vulgo
752 2191 915 2269 dicemur,
939 2181 1127 2256 accuratius
1148 2189 1335 2271 perspicere
1359 2193 1395 2254 et
1420 2186 1594 2268 inquirere,
1624 2192 1781 2267 quantum
1809 2184 1853 2250 ad
1880 2201 1985 2250 emen·

243 2297 369 2364 dandos
391 2297 494 2364 libros
516 2297 557 2364 de
580 2297 668 2364 bello
691 2295 822 2363 Gallico
845 2296 1047 2378 conscriptos
1070 2295 1216 2363 valeant.
1261 2294 1350 2361 Nam
1373 2297 1546 2375 postquam
1569 2291 1673 2374 Apitz
1697 2289 1829 2374 (Sched.
1854 2289 1928 2356 crit.
1951 2289 1985 2356 in

242 2421 354 2471 comm.
379 2403 419 2470 de
442 2404 474 2468 b.
498 2403 577 2486 gall.
593 2403 685 2485 Lips.
704 2403 803 2487 1835)
819 2409 855 2470 et
869 2402 1063 2486 Nipperdey
1085 2401 1120 2468 in
1134 2399 1341 2483 praefatione
1365 2398 1518 2466 editionis
1540 2416 1620 2465 snae
1642 2417 1674 2480 p.
1699 2403 1739 2464 37
1763 2416 1811 2478 sq.
1836 2396 1877 2464 de
1900 2395 1985 2462 cedi·

244 2508 335 2575 cibus
366 2507 521 2576 Caesaris
549 2508 784 2587 disseruerunt,
819 2509 882 2576 etsi
908 2509 996 2574 inter
1025 2524 1136 2573 omnes
1163 2511 1293 2573 constat
1323 2505 1451 2572 codices
1480 2504 1638 2586 integros,
1673 2521 1753 2585 quos
1785 2507 1917 2580 vocant,
1951 2501 1986 2567 in

243 2614 479 2682 constituendis
495 2613 650 2682 Caesaris
666 2615 907 2682 commentariis
920 2612 1069 2696 inprimis
1084 2611 1264 2680 audiendos
1284 2630 1366 2689 esse,
1391 2617 1501 2678 tamen
1516 2611 1659 2677 nondum
1681 2609 1764 2676 satis
1780 2608 1985 2692 exploratum

243 2720 407 2800 habemns
436 2726 598 2802 quatenus
624 2721 832 2805 interpolatis
859 2721 905 2787 sit
930 2719 1221 2801 obtemperandum
1251 2717 1428 2785 codicibus.
1474 2713 1549 2800 Qua
1578 2716 1612 2783 in
1641 2735 1679 2782 re
1706 2715 1849 2782 editcres
1876 2731 1987 2780 recen·

241 2826 336 2892 tiaris
358 2828 532 2894 memoriae
554 2845 619 2893 non
650 2827 786 2894 eandem
810 2833 888 2894 sunt
915 2826 1057 2909 ingressi
1078 2824 1250 2891 radonem.
1296 2824 1384 2890 Nam
1407 2829 1446 2889 ut
1467 2824 1509 2888 ab
1532 2822 1573 2889 iis
1598 2821 1760 2903 incipiam,
1785 2820 1840 2902 qui
1854 2819 1987 2887 nimiam

242 2932 476 2999 auctoritatem
503 2933 643 3016 integris
671 2933 837 3000 codicibus
863 2931 1061 3010 tribuerunt,
1090 2930 1283 3013 Nipperdey
1317 2937 1353 2996 et
1378 2929 1516 3011 Frigell,
1549 2946 1684 3009 quornm
1717 2926 1805 2994 alter
1837 2925 1986 3007 inprimis

242 3037 507 3119 Bongarsianum
536 3039 556 3105 Ι
590 3040 677 3106 alter
706 3039 893 3106 Parisiuum
923 3038 942 3104 I
976 3043 1109 3104 secutus
1143 3043 1203 3114 est
1242 3035 1401 3103 lectiones
1431 3035 1578 3102 codicum
1614 3034 1887 3116 interpolatorum
1916 3030 1987 3098 fere

242 3151 448 3225 respuerunt.
516 3143 567 3212 At
611 3146 670 3212 hos
715 3145 844 3212 codices
889 3163 953 3211 non
997 3160 1132 3227 prorsus
1169 3141 1391 3223 neglegendos
1436 3159 1508 3208 esse
1553 3159 1626 3207 cum
1670 3137 1873 3222 Nipperdeic
1918 3141 1988 3206 tum

246 3249 405 3332 Frigellic
442 3251 493 3317 nti
529 3251 609 3318 licet
637 3251 788 3330 testibus,
827 3251 882 3333 qui
911 3251 975 3318 etsi
1005 3249 1088 3316 satis
1117 3265 1238 3330 magua
1268 3248 1455 3314 constantia
1490 3251 1640 3330 egerunt.
1679 3251 1791 3313 tarum
1823 3243 1988 3312 nonnullis

248 3355 327 3421 locis
349 3356 507 3423 lectiones
530 3357 644 3424 horum
668 3357 815 3424 codicum
837 3360 1035 3438 receperunt
1057 3361 1092 3421 et
1117 3354 1159 3420 iis
1182 3372 1307 3436 qnoque
1329 3354 1419 3432 locis
1443 3353 1500 3420 nbi
1522 3372 1570 3430 ea,
1602 3371 1685 3435 quae
1712 3350 1840 3419 codices
1867 3349 1990 3432 integri

248 3468 393 3540 servant,
433 3462 555 3544 optime
590 3463 721 3530 defendi
756 3469 936 3545 potuerunt
969 3461 1012 3529 cl.
1044 3461 1165 3528 Heller
1197 3460 1316 3527 Philcl.
1351 3459 1447 3526 XIX
1480 3477 1512 3542 p.
1546 3465 1622 3528 470.
1671 3459 1722 3525 Ut
1752 3456 1989 3540 Nipperdeinm

247 3567 393 3646 Kraner‚
431 3568 481 3634 ita
515 3567 711 3651 Frigellinm
748 3570 887 3636 Ddbner
924 3571 977 3634 est
1013 3572 1157 3644 secutus,
1196 3584 1331 3646 quorum
1368 3565 1528 3632 editiones
1563 3565 1678 3632 iisdem
1711 3563 1783 3632 fere
1815 3562 1989 3630 commodis

250 3678 285 3738 et
323 3673 416 3740 vitiis
453 3678 552 3755 atque
589 3675 720 3742 illorum
757 3675 903 3758 insignes
940 3680 1026 3740 sont.
1095 3672 1168 3738 Nec
1205 3670 1334 3738 silentio
1379 3670 1654 3752 praetereundum
1699 3675 1752 3738 est
1786 3670 1988 3746 Ddbnerum

248 3779 398 3859 qnamns
436 3780 572 3846 candem
610 3781 770 3848 rationem
809 3787 909 3863 atnoe
944 3778 1072 3862 Frigell
1109 3779 1277 3860 ingressus
1316 3777 1368 3854 sit
1418 3783 1529 3844 tanuen
1570 3776 1695 3844 minore
1736 3775 1922 3844 constantia
1955 3775 1990 3842 in

249 3883 343 3950 libris
370 3886 579 3953 recensendis
605 3891 773 3954 versatum
800 3905 883 3966 esse,
907 3905 972 3968 qua
999 3886 1040 3952 de
1066 3904 1103 3952 re
1126 3885 1244 3951 Hellen
1279 3883 1412 3966 (Philcl.
1448 3883 1583 3950 XXXI
1612 3902 1644 3965 p.
1677 3889 1739 3950 317
1775 3867 1811 3950 et
1843 3880 1989 3966 saepius)

245 4007 321 4056 eum
347 3990 510 4074 obiurgat.
556 3991 621 4060 His
651 3993 775 4060 eritius
804 3998 939 4075 praeter
965 3993 1007 4058 m.
1038 3991 1271 4058 Hoffmannnm
1307 3990 1408 4057 etiam
1437 3989 1673 4057 Vielhabarum
1708 3989 1896 4066 ammonere,
1935 3986 1991 4069 qui

247 4096 350 4162 libros
383 4094 602 4164 Caesarianos
631 4117 696 4165 non
734 4099 846 4176 edidit,
877 4099 1031 4182 egregias
1065 4097 1193 4178 quaem
1231 4096 1521 4164 commentationes
1560 4096 1600 4164 de
1633 4095 1675 4162 iis
1712 4094 1922 4163 recensendis
1954 4094 1990 4161 in

248 4201 423 4268 annalibus
445 4220 554 4286 gymn.
578 4211 681 4272 anstr.
706 4205 910 4286 conscripsit.
956 4205 1056 4272 Hunc
1080 4203 1211 4285 saepius
1233 4203 1332 4268 nimia
1354 4201 1539 4284 pertinacia
1560 4202 1659 4270 etiam
1681 4201 1811 4283 ineptas
1833 4202 1990 4270 lectiones

250 4307 395 4374 codicum
429 4307 632 4391 integrorum
666 4311 752 4376 tueri
786 4311 930 4389 studere,
962 4327 1139 4393 cognosces
1177 4327 1218 4374 ex
1255 4308 1296 4374 iis
1330 4327 1413 4390 qnae
1444 4309 1485 4376 de
1517 4307 1547 4376 I.
1581 4313 1634 4376 40.
1670 4313 1690 4373 8
1725 4313 1760 4374 et
1792 4307 1835 4376 V.
1871 4313 1923 4376 25.
1959 4318 1989 4378 3.

248 4413 287 4498 (l.
319 4432 346 4478 c.
377 4413 447 4481 XV
483 4433 514 4496 p.
547 4421 588 4483 35
623 4422 659 4482 et
692 4417 822 4485 XVIII
852 4435 883 4499 p.
916 4418 994 4503 233)
1026 4415 1218 4498 disputavit.
1273 4413 1401 4482 Contra
1420 4415 1554 4482 Whitte
1584 4418 1620 4480 et
1642 4413 1822 4482 Schneider
1851 4416 1990 4486 mediam

251 4518 340 4585 viam
371 4518 511 4602 ingressi
542 4521 672 4603 utrique
703 4523 816 4606 generi
846 4523 994 4590 comeum
1020 4521 1262 4604 obsequendum
1292 4539 1364 4588 esse
1387 4525 1587 4588 censuerunt
1615 4525 1652 4588 et
1680 4519 1769 4588 haud
1797 4520 1847 4588 ita
1877 4524 1991 4606 paucis

251 4625 341 4702 locis,
364 4627 543 4710 praecipue
571 4627 607 4694 in
629 4628 766 4710 septimo
797 4633 833 4696 et
854 4635 973 4696 octavo
1003 4629 1096 4707 libro,
1127 4627 1285 4694 lectiones
1315 4645 1426 4694 eornm
1450 4627 1597 4696 codicum
1627 4627 1776 4708 recipere
1804 4644 1869 4694 non
1891 4631 1992 4698 veriti

254 4737 338 4808 sunt,
362 4731 396 4797 id
419 4732 505 4814 qnod
527 4734 648 4800 Hellen
670 4734 803 4818 (Philol.
827 4735 923 4802 XIX
953 4755 985 4818 p.
1010 4734 1089 4820 507)
1112 4733 1311 4801 Schneidero
1342 4751 1407 4800 non
1430 4732 1557 4800 crimini
1586 4733 1644 4801 sed
1674 4732 1765 4800 laudi
1788 4735 1900 4802 vertit.
1925 4737 1990 4806 Hic

253 4832 305 4900 vir
327 4835 367 4902 de
390 4835 544 4905 Caesaris
560 4840 802 4907 commentariis
817 4841 1029 4908 emendandis
1051 4840 1172 4924 optime
1194 4841 1331 4908 meritus
1353 4839 1519 4908 codicibus
1532 4839 1744 4922 interpolatis
1759 4841 1991 4910 anctoritatem

251 4940 379 5009 omnino
406 4961 471 5010 non
501 4945 725 5028 abrogandam
756 4964 828 5014 esse
858 4947 978 5016 iterum
1007 4966 1048 5015 ac
1078 4947 1208 5029 saepius
1238 4947 1350 5014 docuit
1379 4964 1555 5028 eammquc
1585 4945 1619 5012 iu
1644 4946 1859 5014 restituendis
1880 4948 1992 5019 verbis

248 5047 381 5130 saepius
404 5049 565 5118 rationem
588 5051 704 5120 haberi
722 5053 823 5137 jussit
846 5054 980 5140 (Philol.
1005 5053 1101 5120 XIX
1122 5072 1154 5137 p.
1178 5057 1241 5120 50⁷
1264 5059 1300 5119 et
1321 5051 1456 5119 XXXI
1477 5072 1509 5135 p.
1527 5051 1616 5138 528).
1662 5049 1758 5136 Quod
1780 5060 1992 5137 praeceptum

246 5154 355 5221 secuti
378 5155 510 5236 Dinter,
537 5157 717 5238 Prammcr‚
745 5159 883 5240 Holder,
907 5165 956 5228 nt¹
975 5160 1104 5228 codices
1133 5159 1280 5242 integros
1310 5159 1568 5241 praestantiores
1598 5159 1772 5239 duxerunt,
1808 5158 1858 5226 ita
1891 5159 1994 5230 iuter·

1819 5281 1834 5338 l
