4576 5810
893 521 1345 583 *gg-...-

237 696 342 781 piaris
364 691 499 764 videtur
513 693 696 780 irrepsisse.
721 695 878 763 -VIIL
905 699 956 762 36.
983 702 1011 762 3.
1036 687 1170 762 122122
1183 693 1263 761 Wh.
1278 693 1338 760 Fr.
1354 693 1419 760 Db.
1437 689 1510 782 Ρ2.]
1530 691 1638 760 hostis
1660 691 1727 777 Np.
1751 688 1815 762 Kr.
1838 677 1904 761 Dn.
1929 692 1998 761 nr.

236 796 318 872 Hld.
343 796 702 872 -111242222
726 802 835 899 quadr
859 798 1022 900 quisque
1045 805 1206 885 poterat
1226 798 1380 883 12112221.
1406 796 1502 867 simul
1526 819 1599 867 cum
1616 799 1665 869 M.
1683 799 1802 887 (codex
1819 799 1853 867 A
1873 797 1999 885 deficit)

238 909 319 978 Wh.
337 909 402 979 Dn.
419 911 484 978 Db.
500 901 557 978 Pr.
575 902 655 978 Hld.
671 907 714 977 ui.
731 907 852 976 Hellen
866 899 953 976 Phil.
969 886 1115 977 XXXI‘.
1132 925 1164 992 p.
1182 905 1261 989 5253
1285 905 1494 977 vuelhone.
1512 900 1535 976 i.
1553 911 1581 975 d.
1599 905 1642 976 G.
1658 905 1766 976 XXI.
1789 927 1820 990 p.
1847 913 1921 986 542,
1945 907 2000 974 221

239 1016 370 1100 quidem
393 1015 528 1100 „itaque
551 1035 616 1100 qua
639 1015 776 1104 quisque
798 1021 953 1099 poterar‘
975 1015 1083 1100 tnagis
1106 1012 1240 1084 ridetur
1261 1011 1410 1104 placere]
1432 1013 1482 1081 ita
1505 1013 1642 1098 quisque
1665 1019 1798 1098 poterat
1816 1013 1927 1096 *selu
1950 1013 2000 1082 ita

240 1116 441 1208 2211222221
462 1124 538 1191 2221
560 1113 626 1208 Np.
651 1120 731 1204 Kr.;
753 1121 963 1206 1121212222
985 1125 1085 1208 prout
1108 1125 1184 1190 erat
1206 1121 1264 1192 Fr.
1287 1119 1357 1190 Hti.
1390 1161 1432 1171 —
1456 1121 1558 1192 VIII.
1586 1127 1640 1192 43.
1665 1128 1695 1190 4.
1719 1127 2001 1204 permanerent

238 1229 369 1319 saphi,
394 1231 480 1314 quod
503 1231 603 1299 etiam
634 1225 780 1298 codicem
803 1231 830 1300 Α
852 1229 960 1313 prima
982 1243 1092 1310 manu,
1117 1247 1201 1314 quae
1224 1229 1278 1297 hic
1298 1239 1414 1296 rursus
1436 1235 1608 1312 appareat,
1632 1227 2001 1313 12121222111222212]7

236 1333 358 1428 refert]
393 1331 634 1422 permanebant
667 1335 725 1405 rr.
750 1335 848 1404 solus.
874 1375 915 1385 -
939 1336 1039 1404 VIII.
1072 1343 1123 1406 49.
1147 1327 1182 1404 ’2.
1207 1337 1276 1404 221
1301 1335 1502 1404 decessum
1525 1351 1634 1404 suunt
1650 1335 1731 1404 Wh.
1755 1328 1814 1404 rr.
1841 1335 1905 1404 Db.
1928 1333 1999 1426 Pr]

238 1443 299 1514 sub
324 1443 479 1513 descensu
502 1461 561 1512 suo
586 1438 674 1515 snt
696 1443 761 1540 snb·
781 1438 928 1510 discessu
950 1463 1010 1512 suo
1036 1434 1113 1526 att
1147 1447 1209 1513 sub
1233 1444 1371 1535 decessu
1395 1435 1452 1511 ’suo
1476 1435 1544 1527 up.
1568 1440 1631 1512 Xr.
1657 1445 1721 1511 Dn.
1744 1441 1815 1511 Htl.
1840 1441 1920 1511 Hld.
1957 1478 2000 1492 -·

240 1547 342 1620 vm.
367 1550 420 1620 1οζ
444 1550 475 1619 4.
499 1539 745 1635 insequentis
769 1549 860 1618 anni
883 1547 940 1618 il'r.
965 1551 1039 1618 Db'.
1056 1547 1119 1618 Dn.
1143 1551 1201 1620 Pr.
1227 1551 1269 1619 ct.
1294 1551 1414 1618 Hellen
1437 1549 1543 1618 XIX.
1569 1569 1600 1634 p.
1625 1547 1705 1640 476]
1729 1549 1898 1633 sequentis
1921 1545 1999 1616 anni

240 1655 305 1742 Np.
323 1659 403 1727 Wh.
425 1658 489 1726 Kr.
506 1658 575 1728 Hff.
592 1657 673 1726 Hld.
710 1657 848 1741 Semper
863 1655 997 1725 Histtus
1010 1654 1076 1725 hac
1091 1657 1259 1726 22222112
1274 1658 1412 1726 verbum
1428 1657 1643 1741 compositum
1660 1657 1814 1725 adhibuit
1836 1656 1877 1725 et.
1895 1655 1999 1728 VIII.

243 1771 294 1833 48.
321 1771 371 1834 10.
384 1764 488 1834 VIII.
515 1772 567 1834 23.
593 1771 624 1833 1.
637 1763 740 1834 VIII.
766 1771 817 1834 23.
845 1771 889 1846 1.;
914 1783 1020 1847 neque
1043 1783 1117 1832 enm
1141 1765 1296 1833 hocloco
1321 1766 1364 1832 21
1387 1764 1661 1834 maurecenos
1676 1764 1807 1832 ratione
1822 1763 1999 1831 recessisse

243 1872 419 1940 2211212112
443 1877 504 1940 est.
529 1872 688 1941 —VIIL
714 1879 765 1941 52.
790 1877 822 1941 4.
845 1870 1008 1956 Pompei
1030 1871 1097 1960 Np.
1121 1873 1187 1940 Kr.
1211 1875 1275 1940 Dn.
1292 1871 1362 1942 Hii.
1380 1872 1460 1940 fflo.
1478 1869 1550 1962 Pu]
1573 1871 1724 1960 Pompeii
1737 1871 1818 1939 Wh.
1842 1871 1901 1939 Fr.
1919 1871 1999 1952 Db.;

239 1979 305 2067 §b
323 1984 359 2047 et
378 1997 406 2048 c.
432 1987 483 2049 53.
511 1987 544 2062 13
568 1985 704 2068 praeter
725 1979 946 2067 interpolatos
969 1978 1070 2047 21122
1094 1979 1164 2050 cod.
1189 1979 1238 2048 M.
1264 1980 1443 2068 „Pompei“
1468 1979 1612 2048 exhibet.
1639 2018 1678 2028 -
1696 1981 1799 2048 VIII.
1826 1985 1877 2048 54.
1902 1983 1934 2046 4.
1959 1977 1997 2046 Ο.

238 2085 492 2177 Trebonium]
516 2087 717 2155 Trebonium
740 2087 798 2155 Fr.
824 2087 888 2154 Db.
913 2086 984 2156 soli.
1009 2124 1053 2136 -

398 2193 495 2280 Quod
518 2195 579 2262 has
601 2194 762 2262 lectiones
777 2193 925 2262 codicum
940 2193 1216 2281 interpolatorum
1239 2195 1414 2282 comprobo
1437 2194 1663 2278 genuinasque
1686 2194 1781 2274 duco,
1804 2211 1847 2260 ne
1869 2193 1999 2261 modum

242 2301 441 2381 1222212212,
469 2301 602 2370 minime
646 2320 780 2382 uereor;
807 2319 882 2370 nam
910 2307 1041 2370 tantum
1063 2295 1169 2382 abest,
1196 2305 1237 2370 ut
1257 2301 1463 2385 iutegrorum
1485 2302 1645 2370 lectiones
1668 2307 1793 2370 122222
1816 2299 1997 2379 221222212,

242 2413 281 2476 21
313 2412 431 2477 contra
463 2425 529 2476 non
563 2412 698 2477 secutus
732 2409 793 2477 212
825 2408 1054 2496 interpolatus,
1090 2409 1153 2477 nisi
1188 2409 1217 2476 si
1251 2416 1312 2478 eut
1342 2410 1447 2478 verba
1480 2409 1614 2477 inscitia
1647 2408 1702 2476 vel
1737 2407 1874 2476 fallacia
1900 2406 1999 2475 libra·

240 2515 366 2584 riorum
396 2521 555 2604 corrupta
585 2515 785 2585 videbantur
811 2522 871 2583 aut
902 2517 944 2583 ab
976 2515 1125 2585 oratione
1153 2515 1311 2584 Caesaris
1341 2517 1467 2585 usitata
1489 2517 1724 2584 abhorrebant.
1771 2514 1889 2597 Neque
1912 2511 1999 2581 enim

239 2620 548 2691 commentariorum
571 2640 754 2690 sermonem
784 2622 867 2690 2122
890 2622 1090 2706 perpolitum
1112 2629 1149 2692 et
1177 2625 1220 2690 ab
1250 2623 1338 2691 omni
1367 2631 1465 2712 parte
1488 2623 1672 2710 perfectum
1695 2629 1786 2708 puto,
1816 2619 1997 2701 atomum,

237 2749 322 2814 qnae
352 2729 396 2797 ab
426 2729 552 2816 optima
574 2729 706 2797 dicendi
728 2729 857 2797 ratione
880 2730 1049 2810 recedant,
1080 2731 1273 2800 adulterata
1296 2750 1370 2799 ease
1392 2732 1520 2813 ducam,
1553 2750 1627 2799 222
1649 2729 1807 2813 iniquitas
1829 2747 1941 2796 rerum
1964 2734 2000 2795 et

237 2843 432 2924 temporum,
461 2836 579 2920 quibus
602 2835 731 2904 Caesar
753 2836 1004 2905 commentarios
1027 2837 1233 2925 conscripsit,
1263 2838 1496 2925 impedimento
1519 2829 1653 2918 1222121,
1685 2837 1855 2920 quominus
1878 2834 1999 2926 librum

237 2949 445 3012 retractaret
467 2951 503 3012 21
525 2944 724 3032 castigaret3
747 2943 811 3011 buc
834 2943 974 3024 accedit,
998 2945 1084 3028 quod
1107 2945 1251 3033 scriptor
1273 2945 1406 3030 vulgari
1435 2965 1585 3014 sermone
1614 2964 1680 3012 non
1703 2942 1866 3012 abstinuit
1888 2941 1930 3010 ci.
1956 2943 1998 3008 V.

237 3057 291 3119 47.
313 3057 347 3119 t:
370 3050 439 3118 1212
454 3050 545 3119 milia
560 3069 716 3138 passuum
731 3051 830 3136 longe
844 3052 888 3118 ab
904 3051 973 3119 suis
988 3051 1118 3132 castris,
1142 3053 1185 3120 al.
1231 3055 1352 3136 Itaque
1368 3053 1547 3120 211222112
1563 3051 1694 3140 2211212
1710 3051 1876 3120 codicibus
1891 3048 1999 3116 orati0

239 3157 411 3244 scriptoris
432 3176 499 3226 non
515 3177 645 3246 semper
659 3159 796 3242 elegans
810 3157 979 3228 Invenitur
994 3159 1154 3228 2212111.
1171 3165 1234 3240 21,
1251 3165 1364 3228 umen
1378 3161 1464 3228 hano
1481 3161 1522 3227 ob
1539 3179 1673 3229 causam
1689 3158 1923 3227 auctoritatem
1946 3153 1998 3222 his

242 3263 406 3333 codicibus
429 3265 654 3350 abrogandam
669 3270 706 3333 et
719 3265 939 3352 interpolatis
956 3265 1013 3349 qui
1028 3265 1210 3335 orationem
1226 3267 1405 3336 exhibeant
1421 3268 1687 3347 emendatiorem,
1704 3263 1998 3353 obtemperandum

243 3387 316 3438 esse
337 3390 401 3438 non
423 3391 550 3441 censeo.
596 3372 701 3440 1112
724 3373 943 3441 diiudicandis
966 3373 1114 3441 codicum
1140 3372 1265 3442 diuersi
1287 3374 1420 3458 generis
1442 3373 1639 3442 lectionibus
1669 3393 1712 3442 ne
1742 3372 1843 3441 animi
1873 3371 1999 3438 celeres

242 3476 399 3560 quosdam
420 3485 527 3548 motus
543 3485 677 3548 secutus
696 3497 770 3548 esse
792 3497 877 3549 neve
899 3499 981 3566 prae
995 3479 1207 3566 interpolans
1223 3481 1353 3549 codices
1368 3481 1517 3566 integros
1532 3481 1719 3566 neglexisse
1734 3481 1860 3558 videar,
1876 3495 2000 3566 paucos

237 3585 329 3652 locos
351 3584 470 3654 atierre
486 3587 596 3667 liceat,
618 3586 685 3667 ubi,
701 3606 896 3670 quamquam
911 3587 1043 3654 illorum
1059 3587 1226 3674 scriptura
1242 3589 1341 3657 valde
1364 3589 1444 3656 mihi
1458 3589 1582 3670 arrisit,
1607 3595 1719 3656 tamen
1743 3607 1817 3656 cum
1839 3605 1889 3667 22,
1914 3603 1999 3669 quae

238 3691 362 3776 integri
377 3693 544 3774 exhibent,
558 3693 691 3762 1212211
706 3695 843 3780 possint,
857 3695 917 3761 hos
932 3694 1062 3762 codices
1078 3714 1176 3780 quam
1191 3696 1267 3763 illos
1282 3695 1376 3782 sequi
1391 3696 1502 3764 22121.
1543 3699 1584 3766 V.
1601 3700 1654 3764 42.
1672 3702 1702 3765 3.
1720 3695 1790 3763 221.
1806 3690 2001 3781 interpolati

241 3800 498 3884 „cogebautnr“,
517 3801 642 3886 integri
658 3801 910 3882 „ridebautur“,
928 3801 1110 3870 deteriores
1134 3802 1204 3870 cod.
1222 3801 1436 3871 Oolbertinus
1459 3811 1494 3871 et
1508 3803 1739 3872 Borbonianus
1763 3801 1997 3883 „nitebantur“

240 3906 374 3988 habent,
391 3926 488 3994 quam
505 3907 680 3976 lectionem
695 3908 841 3976 Whittio
858 3914 1040 3996 praeeunte
1055 3909 1261 3997 Nipperdey,
1277 3911 1424 3991 1122222,
1440 3909 1571 3990 Dinter,
1589 3912 1727 3978 Dbbner
1746 3908 1889 3994 amplexi
1911 3910 1999 3984 sunt,

238 4033 311 4082 cum
335 4014 437 4083 etiam
460 4016 521 4083 IV.
547 4021 599 4084 24.
632 4021 663 4083 4.
691 4015 726 4083 12
755 4016 826 4084 221.
850 4016 1080 4100 Bongarsiauo
1102 4019 1132 4084 Ι.
1168 4017 1403 4097 ,,2112122122“
1438 4037 1497 4106 pro
1529 4017 1765 4098 „nitebantur‘
1799 4015 1867 4101 legi
1890 4013 2000 4082 memi-

236 4121 373 4190 nissent.
421 4122 628 4209 Egoquidenr
644 4122 818 4191 lectionem
833 4123 1109 4212 interpolatorum
1132 4127 1169 4192 et
1182 4124 1254 4192 loco
1278 4130 1314 4192 et
1328 4124 1403 4194 usui
1418 4125 1590 4213 scriptoris
1605 4126 1705 4212 plane
1720 4123 1999 4194 accommodatam

237 4247 312 4296 esse
328 4229 447 4309 121222,
471 4228 530 4298 221
553 4249 627 4298 222
643 4230 885 4309 ,,2112122122“
903 4231 990 4317 quod
1012 4231 1219 4315 integrorum
1240 4238 1302 4312 est,
1326 4232 1355 4300 si
1377 4232 1512 4320 passive
1533 4231 1665 4312 dicitur,
1689 4232 1772 4301 ferri
1786 4230 1900 4319 possit
1925 4250 1999 4326 cnm

236 4336 380 4405 Hellero
416 4335 503 4404 Phil.
543 4337 688 4406 XXXI.
726 4358 758 4421 p.
799 4345 873 4407 513.
912 4339 1029 4407 horum
1066 4337 1241 4407 lectionem
1279 4339 1417 4408 retineo.
1458 4379 1498 4389 —
1525 4341 1606 4409 VH.
1645 4347 1697 4409 36.
1737 4345 1770 4408 4.
1804 4337 2000 4426 interpolati

236 4442 539 4530 „periclitareturt
556 4445 643 4531 quod
659 4444 991 4525 SchneiderWhitte‚
1008 4446 1154 4528 Kraner,
1171 4446 1311 4531 Frigell,
1328 4449 1467 4515 Dhbuer
1481 4452 1689 4535 receperunt,
1714 4446 1838 4530 integri
1853 4445 1999 4532 „perspi-

237 4554 403 4632 ceretur“,
420 4552 507 4637 quod
521 4552 680 4634 Η211222,
692 4552 885 4621 Prammero
902 4552 1037 4640 placuit,
1054 4553 1220 4624 exhibent.
1259 4554 1464 4639 Nipperdeio
1480 4561 1617 4622 auctora
1633 4553 1754 4623 Dinter
1770 4561 1805 4622 et
1819 4553 1999 4622 Hoffmann

239 4663 375 4741 propter
409 4660 546 4728 verbum
584 4659 731 4728 activum
768 4661 1064 4742 „intermittebat“,
1100 4661 1187 4744 quod
1223 4662 1404 4746 praecedit,
1444 4661 1623 4730 secundum
1661 4661 1835 4730 nonnullos
1869 4661 1999 4730 codices

242 4762 420 4834 deteriores
436 4771 471 4834 et
482 4766 670 4835 Parisiuum
685 4768 734 4836 11.
751 4786 816 4836 sec.
833 4787 875 4837 2,
894 4768 1137 4852 „perspiceret“
1155 4768 1369 4853 scripserunt,
1388 4770 1475 4855 quod
1486 4769 1616 4854 Frigell
1630 4768 1666 4837 in
1679 4768 1852 4838 Addendis
1867 4770 1998 4854 probat

238 4867 401 4940 Nimirum
422 4873 696 4958 interpolatorum
718 4875 818 4943 lectio
842 4876 992 4960 speciosa
1014 4881 1075 4956 eat,
1099 4881 1250 4945 attamen
1273 4896 1339 4944 nou
1360 4878 1476 4957 habeo,
1494 4876 1580 4961 quod
1602 4876 1778 4946 lectionem
1800 4877 1997 4961 optimorum

238 4977 387 5048 2211222
402 5001 570 5065 aspernor,
587 5001 671 5079 quae
686 4981 816 5065 quidem
832 5001 896 5051 non
913 5003 998 5068 pura
1014 4990 1067 5051 est
1081 4989 1182 5068 atque
1205 4985 1352 5068 elegans,
1369 4985 1429 5052 sed
1451 4983 1582 5053 minime
1597 4984 1694 5052 ialsa.
1719 5021 1762 5034 -
1778 4983 1879 5054 VIII.
1898 4989 1949 5052 35.
1968 4990 1997 5053 t.

238 5086 407 5172 scriptura
428 5089 703 5173 interpolatorum
736 5109 829 5172 ,cum
853 5143 861 5160 .
885 5144 894 5159 .
919 5095 1074 5176 caperer
1100 5092 1282 5159 aWhittio
1306 5096 1342 5159 et
1361 5090 1562 5160 Schneidero
1586 5097 1723 5176 recepto
1744 5095 1806 5172 cst,
1830 5109 1911 5174 quoa
1933 5110 1999 5159 nou

235 5193 359 5273 iniuria
400 5196 600 5276 indicativus
637 5198 953 5294 plusquamperfecti
994 5202 1072 5293 post
1113 5199 1374 5276 coniunctionem
1418 5203 1532 5289 ,222ιι
1572 5198 1708 5288 positus,
1748 5198 1804 5281 qui
1840 5197 1876 5266 in
1915 5197 1998 5271 ste
