4576 5810
877 517 1327 577 -ιιι--μ

227 711 303 761 men
328 692 456 760 omnino
477 692 550 759 tolli
565 690 680 770 voluit,
705 691 808 758 ceteri
824 688 1022 771 scripturam
1037 687 1311 769 interpolatorum
1326 686 1470 769 amplexi
1493 691 1578 754 snnt.
1625 685 1743 768 Neque
1758 685 1887 764 iniuria,
1904 705 1981 753 nam

228 800 325 868 salva
340 799 579 882 perspicuitate
594 799 704 881 priore
727 797 799 864 loco
814 812 993 879 pronomen
1016 793 1123 861 omitti
1145 793 1269 877 nequit,
1295 811 1410 861 rernm
1425 794 1533 860 altero
1548 810 1684 875 prorsus
1700 811 1981 875 supervacaneum

228 909 371 986 videtur,
400 906 443 975 ci.
467 905 586 973 Heller
608 905 695 973 Phil.
719 904 826 971 XIX.
850 922 881 985 p.
905 907 982 970 478.
1006 901 1150 969 XXXI.
1181 906 1244 968 325
1273 919 1321 982 sq.
1344 937 1388 946 -
1411 902 1461 968 Π.
1486 906 1538 968 39.
1562 904 1593 965 4.
1628 900 1768 966 turrim
1802 899 1841 966 in
1875 919 1981 968 muro

229 1031 315 1082 sese
339 1012 535 1080 collocare
559 1009 810 1079 confiderent
832 1008 1022 1087 Schneider,
1042 1008 1247 1092 Nipperdey,
1264 1007 1413 1085 Dibner,
1430 1005 1619 1084 Hoffmann,
1637 1007 1759 1072 Dinter
1782 1006 1849 1092 (hic
1865 1007 1982 1074 addita

228 1139 311 1191 voca
334 1123 487 1207 „posse“)
510 1118 688 1186 secundnm
710 1116 937 1200 interpolatos,
964 1115 1101 1198 ,turrim
1124 1113 1158 1180 in
1181 1132 1291 1182 muros
1313 1132 1386 1180 sese
1410 1113 1572 1180 collocare
1595 1111 1822 1188 confiderent,¹
1847 1115 1981 1182 Whitte

231 1238 264 1296 et
299 1227 428 1310 Frigell
464 1226 642 1293 secundum
675 1224 833 1306 integros
867 1223 1013 1302 ,turrim
1050 1226 1197 1288 moturos
1233 1238 1305 1288 sese
1339 1221 1563 1287 confiderent“
1598 1219 1653 1306 (ef.
1690 1219 1827 1286 Kraner
1860 1219 1982 1288 Obser-

229 1337 381 1404 vationes
412 1333 564 1402 ltlisenae
601 1338 686 1399 1852
713 1349 745 1413 p.
778 1337 797 1398 5
828 1337 864 1397 et
894 1330 950 1416 96)
996 1329 1132 1395 Kraner
1162 1336 1198 1395 ct
1223 1329 1397 1394 Prammer
1426 1325 1640 1408 scripserunt.
1685 1326 1879 1394 Lectionem
1900 1328 1983 1395 inte

229 1461 362 1527 grornm
383 1440 529 1523 spuriam
552 1457 624 1506 esse
646 1438 723 1504 inde
739 1443 888 1520 apparet,
912 1436 998 1518 quod
1014 1435 1191 1502 Gaesarem
1207 1453 1312 1518 neque
1328 1453 1392 1501 nno
1415 1434 1477 1501 hoc
1499 1433 1571 1500 loco
1588 1433 1726 1499 verbum
1740 1434 1883 1515 ponendi
1907 1453 1980 1503 cum

230 1548 472 1633 praepositione
497 1547 572 1624 ‚,in“
595 1551 631 1613 et
654 1527 845 1612 accusativo
862 1542 1078 1623 coniunxisse,
1102 1561 1207 1624 neque
1229 1542 1264 1607 in
1287 1547 1383 1608 tauta
1406 1560 1466 1607 sua
1484 1539 1733 1622 perspicuitatis
1756 1541 1864 1607 studio
1887 1561 1983 1623 prae·

233 1656 423 1738 positionem
440 1653 515 1732 „im‘
531 1671 591 1735 pro
609 1652 812 1732 „adversus“
828 1649 1037 1719 substituisse
1052 1649 1236 1732 putandum
1251 1655 1312 1728 est,
1330 1648 1415 1730 qnod
1430 1648 1567 1729 iusuper
1580 1647 1728 1728 ineptum
1744 1647 1823 1713 mihi
1838 1649 1981 1730 videtur,

234 1781 304 1829 cum
326 1761 427 1828 etiam
449 1761 565 1843 procul
580 1759 763 1827 constituta
785 1759 887 1825 turris
909 1758 1070 1824 adversus
1093 1773 1203 1822 muros
1226 1755 1330 1822 inerit
1345 1754 1507 1821 collocata
1530 1755 1572 1822 of.
1590 1756 1782 1824 Schneider.
1806 1775 1883 1823 ann.
1906 1756 1981 1824 crit.

231 1871 349 1951 ltaque
378 1867 650 1949 interpolatorum
681 1864 879 1947 scripturam
906 1869 1079 1946 praestare
1101 1859 1296 1948 persuasum
1320 1862 1437 1940 habeo,
1467 1863 1525 1928 sed
1548 1863 1648 1929 aliter
1670 1869 1771 1946 atque
1785 1861 1981 1945 superiores

230 1977 335 2044 rerba
357 1975 567 2056 interpretor.
615 1971 754 2040 Minime
779 1971 864 2038 enim
887 1969 966 2037 mihi
988 1969 1210 2072 persuaserim
1232 1969 1393 2035 barbaros
1415 1969 1491 2036 illos
1513 1975 1611 2037 tanta
1633 1970 1736 2036 fuisse
1767 1969 1920 2048 stultitia,
1944 1975 1983 2036 ut

228 2083 347 2152 turrim
363 2081 450 2149 tanti
464 2079 619 2163 ponderis
633 2079 668 2146 in
682 2079 775 2145 urbis
789 2096 891 2156 muro,
904 2078 959 2159 qni
971 2095 1092 2160 magna
1108 2075 1284 2142 altitudine
1299 2073 1373 2154 init,
1392 2075 1588 2143 collocatum
1598 2076 1641 2143 iri
1656 2082 1824 2158 putarent.
1849 2075 1983 2159 Optime

229 2207 310 2258 vero
333 2186 443 2256 Gallis
465 2187 559 2266 artis,
594 2205 660 2269 qna
682 2185 823 2252 Romani
852 2184 885 2250 in
921 2181 1154 2266 oppugnandis·
1177 2181 1305 2264 oppidis
1328 2183 1518 2262 utebantur,
1550 2183 1712 2265 imperitis
1735 2201 1850 2266 agger,
1886 2201 1982 2264 quem

231 2295 371 2362 Romam
394 2298 639 2371 exstruxerant,
675 2299 832 2372 tanquam
855 2309 967 2357 murus
990 2307 1152 2372 apparere
1179 2293 1321 2371 poterat,
1357 2294 1393 2354 et
1415 2307 1488 2355 cum
1523 2291 1607 2356 colle
1634 2290 1774 2358 adverso
1799 2307 1904 2372 agger
1927 2290 1981 2359 vel

229 2421 343 2470 murus
364 2404 407 2468 ab
430 2407 581 2468 extrema
606 2404 704 2481 parte
731 2397 814 2464 satis
840 2415 962 2480 magna
985 2403 1075 2464 esset
1096 2395 1281 2474 altitudine,
1316 2395 1487 2462 habebant
1509 2395 1610 2476 Galli,
1644 2415 1703 2463 cnr
1725 2397 1980 2476 admirarentur,

230 2511 388 2593 quomodo
422 2507 563 2576 Romani
596 2505 714 2573 turrim
744 2505 779 2572 in
801 2505 863 2572 hoc
897 2522 1022 2587 aggere
1055 2503 1111 2572 vel
1141 2521 1233 2569 muro
1268 2502 1462 2568 collocaturi
1493 2510 1605 2569 essent
1634 2502 1676 2570 cf.
1701 2504 1850 2582 Rdstow,
1875 2504 1982 2571 Heer-

230 2634 341 2710 tresen
382 2635 414 2683 n.
450 2613 724 2696 Kriegsillhrnng
752 2610 791 2680 O.
822 2613 856 2681 J.
888 2610 1012 2679 Oltsars
1046 2629 1078 2692 p.
1113 2614 1190 2676 145:
1235 2608 1426 2688 Bisweilen,
1473 2610 1554 2676 aber
1596 2628 1658 2676 nur
1703 2610 1982 2677 ansnahmsweise

229 2723 367 2791 wnrden
391 2723 444 2789 die
459 2722 582 2788 Pdrme
605 2720 666 2786 aui
686 2719 750 2784 den
764 2717 1106 2801 Belegernngsdanrm
1122 2721 1262 2799 gesetzt.
1308 2715 1392 2782 Dies
1407 2715 1536 2782 scheint
1551 2716 1632 2783 aher
1647 2735 1711 2784 nur
1734 2717 1777 2782 da
1793 2717 1980 2799 geschehen

229 2849 270 2897 zu
294 2830 375 2908 sein,
399 2847 451 2896 wo
473 2845 560 2907 man,
584 2846 638 2894 um
662 2826 733 2894 sich
757 2827 817 2892 der
837 2825 937 2893 Stadt
960 2843 1000 2891 zn
1023 2825 1159 2900 nahem,
1183 2821 1244 2890 anf
1265 2821 1357 2889 einer
1379 2822 1618 2904 ansteigenden
1641 2822 1768 2890 Pltche
1791 2823 1885 2890 h‘atte
1908 2843 1981 2892 vor·

229 2937 337 3020 gehen
360 2935 428 3003 nnd
451 2934 625 3002 danudon
648 2934 768 3001 Damm
791 2933 993 3015 wenigstens
1023 2949 1067 2996 an
1090 2930 1211 2996 seinem
1235 2929 1519 3011 Anfangspunkte
1543 2929 1616 2996 eine
1639 2930 1715 2994 sehr
1738 2930 1980 2997 betrtchtliche

228 3043 327 3110 the
350 3044 457 3125 geben
487 3047 620 3109 mhasen
644 3091 651 3108 .
677 3089 718 3108 ..
765 3039 809 3108 So
840 3057 912 3106 war
935 3055 971 3105 es
1005 3057 1033 3104 a.
1057 3037 1097 3102 B.
1129 3054 1191 3103 vor
1225 3036 1298 3103 dem
1333 3034 1441 3102 iesten
1463 3036 1584 3102 Platae
1618 3036 1677 3102 der
1700 3036 1912 3105 Aduatnker.
1936 3073 1981 3084 -—

231 3149 280 3216 11.
305 3155 355 3216 94.
379 3149 418 3215 in
449 3148 640 3215 dicionem
670 3152 986 3230 potestatemque
1015 3142 1149 3226 populi
1179 3142 1340 3220 romani,
1370 3161 1454 3225 quae
1476 3142 1511 3210 in
1533 3142 1744 3225 interpolatis
1767 3143 1925 3225 leguntur
1948 3149 1984 3210 et

232 3254 395 3333 Xranero,
427 3254 577 3333 Dintero,
605 3254 798 3321 Prammero
828 3253 1021 3335 probantur,
1060 3254 1238 3332 propterea
1278 3247 1357 3314 mihi
1391 3248 1535 3330 placent,
1571 3249 1657 3332 qnod
1691 3250 1873 3336 genetivus,
1909 3268 1983 3319 cum

234 3360 363 3426 nomina
398 3361 564 3444 particula
603 3367 708 3442 ‚,que“
747 3360 923 3426 coniuncta
960 3363 1035 3424 arte
1073 3357 1282 3434 cohaereant,
1321 3355 1365 3421 ad
1403 3361 1578 3437 utrumqne
1615 3355 1809 3423 referendus
1847 3355 1981 3423 videtur

234 3464 275 3532 ci.
300 3465 359 3533 IV.
385 3475 414 3536 3.
438 3472 470 3534 4.
516 3466 599 3536 VII.
630 3473 684 3535 43.
708 3472 740 3533 4.
763 3467 795 3534 b.
820 3485 847 3534 c.
872 3468 900 3532 Ι.
924 3471 977 3534 49.
1002 3471 1033 3532 9.
1078 3465 1200 3545 Itaque
1223 3461 1422 3543 scripturam
1453 3462 1704 3541 „dcditionem“,
1737 3463 1823 3545 qnod
1852 3461 1977 3544 integri

231 3573 395 3654 exhibent,
419 3574 666 3656 improbandam
689 3591 762 3644 esse
785 3591 911 3640 censeo
936 3607 980 3622 -

389 3678 441 3748 At
462 3699 504 3748 ne
520 3685 699 3764 angustum
718 3681 870 3763 spatium,
895 3678 981 3763 quod
1003 3677 1082 3744 mihi
1105 3676 1149 3744 ad
1164 3675 1391 3742 disserendum
1406 3675 1607 3755 conceditur,
1624 3681 1802 3754 transeam,
1818 3675 1981 3742 lectiones

231 3787 376 3856 codicum
399 3787 683 3870 interpolatorum,
706 3805 910 3869 quaereres
933 3803 1005 3852 esse
1027 3790 1117 3868 puto,
1148 3782 1185 3849 iu
1207 3783 1301 3850 brevi
1325 3786 1503 3864 conspectu
1525 3799 1653 3864 ponam,
1677 3782 1727 3849 ita
1750 3789 1789 3849 ut
1807 3781 1862 3854 ,his
1889 3781 1981 3849 adnl-

230 3895 356 3962 terinas
377 3893 537 3962 lectiones
559 3893 705 3962 codicum
727 3895 931 3976 integrorum
955 3891 1085 3958 addam.

388 4002 457 4069 ΠΙ.
484 4009 511 4068 1.
530 4007 560 4068 6.
584 4000 645 4068 hic
669 3999 761 4088 cipli
785 3999 875 4085 (hinc
899 3998 960 4085 bc)
983 4051 990 4066 .
1017 4049 1025 4066 .
1048 3995 1211 4064 flumine
1242 3994 1491 4062 divideretur
1514 3994 1612 4064 Schn.
1637 3995 1703 4077 Np.
1729 3995 1809 4062 Wh.
1834 3995 1898 4062 Kr.
1921 3993 1980 4061 Pr.

229 4109 295 4176 Db.
323 4105 392 4176 Hff.
420 4107 502 4175 Hld.
525 4105 598 4197 Pr]
620 4109 697 4177 hinc
719 4161 726 4176 .
749 4161 756 4176 .
780 4106 900 4174 flumen
923 4105 1128 4173 divideretur
1150 4100 1315 4190 (ΑΙΒΒ);
1339 4103 1426 4168 hunc
1447 4154 1455 4171 .
1478 4153 1485 4168 .
1514 4101 1635 4170 flumen
1658 4102 1823 4171 divideret
1845 4101 1911 4168 Dn.
1936 4138 1980 4150 —

228 4217 296 4284 ΙΙΙ.
322 4224 352 4284 9.
378 4219 408 4283 9.
432 4214 596 4296 primum
618 4214 764 4281 bellum
786 4221 986 4297 gesturum
1002 4212 1067 4278 Dn.
1085 4209 1166 4278 Hld.
1182 4210 1239 4276 Pr.
1257 4209 1299 4276 ci.
1323 4209 1565 4290 Dittenbergcr
1588 4210 1732 4276 Hermes
1754 4211 1813 4276 ΙΙΙ
1839 4228 1871 4291 p.
1898 4205 1975 4296 375]

228 4322 368 4405 primum
396 4336 469 4390 esse
491 4322 614 4390 bellum
642 4327 813 4404 gesturum
836 4319 934 4387 Schn.
958 4319 1025 4402 Np.
1049 4317 1129 4384 Wh.
1153 4316 1216 4384 Kr.
1241 4315 1298 4383 Fr.
1323 4315 1392 4383 Hff.
1416 4315 1481 4383 Db.
1505 4353 1548 4363 -—
1571 4316 1640 4384 ΙΙΙ.
1667 4323 1718 4382 17.
1743 4322 1773 4383 9.
1797 4315 1857 4381 his
1880 4313 1979 4404 Schp.

229 4429 296 4512 Np.
320 4428 400 4496 Wh.
436 4429 499 4496 Kr.
532 4428 614 4496 Hld.
644 4426 713 4496 Hff.
741 4429 806 4494 Dn.
842 4417 913 4514 Pa]
947 4424 988 4492 iis
1022 4424 1079 4492 Pr.
1111 4424 1192 4503 Db.;
1221 4421 1263 4489 ci.
1293 4441 1320 4489 c.
1352 4427 1402 4488 17.
1432 4429 1462 4490 3.
1491 4421 1617 4490 Mirum
1646 4428 1699 4489 est
1721 4421 1917 4503 Frigellium
1945 4427 1982 4488 et

229 4536 423 4604 Dhbnernm
438 4535 628 4617 saepissime
644 4534 834 4616 pronomine
850 4533 930 4612 „is“,
946 4530 1033 4614 qnod
1047 4531 1082 4597 in
1096 4528 1238 4612 integris
1254 4527 1388 4610 legitur,
1412 4546 1477 4594 non
1492 4529 1683 4610 pronomine
1700 4527 1806 4607 ‚,hic“,
1827 4529 1915 4610 qnod
1937 4547 1979 4594 ex

230 4641 437 4725 interpolatis
449 4647 635 4728 promptum
648 4641 751 4708 ceteri
763 4659 875 4707 omnes
886 4639 993 4706 critici
1009 4638 1130 4720 optimo
1146 4636 1219 4703 inre
1231 4637 1539 4716 comprobaverunt,
1556 4635 1730 4717 recepisse.
1744 4673 1784 4683 -
1799 4637 1867 4703 III.
1883 4642 1933 4702 19.
1949 4641 1980 4702 5.

234 4755 293 4812 est
314 4749 463 4816 certior
478 4747 611 4814 factus
623 4747 704 4815 Wh.
717 4747 775 4814 Fr.
787 4748 860 4826 Pr.3
878 4746 1021 4825 „certior
1037 4743 1146 4811 factus
1162 4748 1234 4809 est“
1251 4741 1429 4808 secundum
1446 4741 1516 4808 cod.
1534 4742 1553 4809 b
1568 4741 1635 4823 Np.
1652 4740 1715 4808 Kr.
1733 4741 1797 4809 Db.
1816 4741 1883 4809 Hlf.
1900 4738 1979 4828 Dn]

234 4853 353 4920 certior
375 4855 485 4922 iactus
508 4853 606 4922 Schn.
631 4853 712 4921 Hld.
752 4851 835 4920 Cum
859 4851 1039 4921 veretalia
1063 4850 1188 4933 ellipsis
1210 4865 1370 4930 nusquam
1393 4848 1482 4931 apud
1498 4847 1676 4914 Caesarem
1691 4847 1891 4925 inveniatur,
1916 4855 1981 4912 non

232 4958 347 5038 haheo,
371 4963 456 5042 qnod
479 4963 549 5031 cod.
567 4960 778 5043 interpolatis
793 4959 949 5026 diffidam.
966 4995 1010 5008 -
1026 4959 1093 5024 ΙΙΙ.
1119 4963 1170 5023 90.
1187 4964 1218 5024 4.
1242 4953 1295 5044 hi]
1318 4955 1343 5021 ii
1365 4953 1420 5023 ab
1445 4955 1500 5042 (iis
1523 4953 1709 5048 ΑΝῦιΝ).
1734 4955 1833 5022 solus.
1851 4992 1892 5002 —
1909 4954 1978 5019 ΙΙΙ.

232 5073 282 5134 26.
310 5070 514 5150 crecopia
540 5069 638 5136 Schn.
669 5067 749 5134 Wh.
776 5067 839 5134 Kr.
867 5066 924 5134 Fr.
957 5066 1022 5132 Db.
1050 5065 1106 5130 Pr.
1135 5064 1200 5129 Dn.
1229 5063 1279 5129 ed.
1311 5058 1355 5149 L]
1382 5060 1503 5143 recipit
1528 5060 1596 5143 Np.
1624 5061 1693 5128 Hff.
1722 5061 1802 5128 Hld.
1830 5061 1897 5126 Dn.
1926 5059 1977 5127 ed.

229 5175 277 5242 11.
302 5213 344 5224 -
368 5175 436 5241 ΙΙΙ.
462 5179 513 5242 29.
541 5183 569 5243 3.
594 5175 767 5258 proxime
794 5173 903 5258 adopt
928 5172 1110 5257 (proximae
1132 5169 1165 5256 f)
1189 5171 1286 5237 Schn.
1304 5167 1370 5249 Np.
1394 5167 1463 5236 Hti.
1492 5167 1572 5235 Hld.
1596 5168 1654 5235 Pr.
1682 5168 1748 5234 Dn.
1777 5166 1821 5235 cf.
1848 5165 1981 5234 Schnei-
